2872 4868
73 102 267 188 Iphigeniae
313 104 471 168 honorem
515 104 675 167 usitatum
711 99 881 164 Braurone
923 96 1026 160 fnisse
1064 95 1240 180 Euripides

69 211 177 276 docet:

781 289 837 356 καὶ
857 284 987 356 πέπλον

314 395 440 482 ἄγαλμά
462 413 513 464 σοι
534 396 695 482 θήσουσιν
718 391 883 480 εὐπήνους
904 389 1003 477 ὑφάς,

313 497 351 578 ἃς
374 498 414 568 ἄν
436 507 588 586 γυναῖκες
610 498 644 566 ἐν
665 497 774 574 τόκοις
795 497 1009 582 ψυχορῤοιγεῖς
1039 530 1040 533 “

312 601 439 670 λείποᾶ
463 602 498 670 ἐν
523 605 631 682 οἴκοις.

154 727 195 792 In
226 730 450 812 compluribus
480 729 754 814 inscriptionibus
783 728 912 793 Dianae
943 744 1121 810 cognomen
1150 721 1238 800 Zoi-

61 831 208 916 tat9oe1)
231 835 420 921 imponitur,
445 836 533 919 quod
556 837 596 901 ad
618 837 704 926 bene
728 815 895 919 perfectos
914 835 1046 899 labores
1070 832 1236 916 pertinere

64 939 284 1007 manifestum
299 947 373 1008 est:
396 943 457 1008 hos
479 961 558 1007 vero
583 943 712 1008 labores
740 939 978 1026 puerperarum
1004 941 1113 1006 fuisse
1139 938 1238 1002 facile

63 1048 218 1112 conicere
241 1068 424 1134 possumus,
448 1069 524 1114 cum
547 1052 649 1115 etiam
671 1048 778 1114 Diana
799 1045 952 1132 Σοοδίνη
977 1040 1236 1131 appellaretur2).

64 1152 131 1218 Sed
154 1154 254 1219 huius
278 1157 482 1240 cognominis
505 1159 674 1222 notionem
701 1155 797 1220 modo
829 1155 1030 1239 explicatam
1051 1157 1182 1218 tantum
1203 1155 1240 1216 in

64 1261 159 1325 cultu
181 1263 309 1345 privato
331 1262 446 1326 valere
470 1265 667 1346 censuerim,
692 1281 767 1326 curn
790 1261 917 1346 publici
939 1261 1066 1326 Dianae
1088 1259 1237 1343 Sospitae

64 1368 177 1432 cultus
201 1369 268 1432 alia
289 1371 417 1434 ratione
440 1370 561 1434 melius
592 1370 756 1453 explicari
784 1371 919 1453 possint.
963 1366 1087 1432 Poetae
1117 1365 1238 1430 deinde

62 1473 208 1537 Dianam
231 1475 408 1552 λοσίζονοο
440 1473 691 1561 appellabant³),
724 1477 820 1558 quasi
848 1494 930 1558 eam,
960 1493 1044 1556 quae
1072 1473 1239 1556 virginum

64 1599 169 1644 zonas
203 1581 319 1646 solvat
371 1580 562 1665 Nonnullit)
596 1584 740 1665 denique
776 1601 957 1666 cognomen
993 1573 1148 1659 Χιτώνη
1183 1578 1239 1642 vel

66 1689 101 1750 X
104 1686 222 1750 armat
228 1707 264 1770 a,
288 1707 352 1769 quo
367 1688 476 1754 Diana
490 1689 646 1772 Athenis,
668 1689 785 1772 Mileti,
802 1689 975 1770 Syracusis
997 1685 1237 1767 nominabatur,

65 1792 145 1856 inde
175 1792 326 1858 derivare
349 1796 534 1879 voluerunt,
563 1796 650 1880 quod
677 1797 877 1860 vestimenta
897 1793 1025 1858 Dianae
1052 1792 1239 1875 intemplo

64 1917 84 1962 a
119 1897 256 1963 feminis
290 1901 546 1968 conferebantur
578 1906 616 1966 ut
650 1907 804 1987 partuum
837 1901 983 1966 feliciter
1015 1899 1239 1984 perfectorum

64 2006 170 2088 signa.
201 2006 427 2074 Verisimilius
443 2013 555 2074 autem
569 2009 820 2074 videnturhaec
834 2009 1058 2092 cognomines
1070 2008 1239 2089 signorum

66 2110 176 2176 forma
200 2112 334 2197 dempta
358 2119 391 2179 et
413 2117 450 2180 in
473 2116 569 2180 deam
592 2119 699 2201 ipsam
721 2117 842 2181 tralata
865 2110 977 2196 esse5).
1015 2114 1127 2180 *Erant
1150 2116 1239 2179 enim

66 2218 150 2282 deae
175 2224 294 2302 statue,
318 2241 402 2304 quae
425 2242 492 2287 uno
507 2225 706 2290 videbantur
722 2225 855 2290 obitone
878 2223 1014 2288 indutae
1031 2226 1065 2287 et
1080 2222 1150 2286 fere
1173 2240 1239 2285 non

62 2324 197 2392 velatae
232 2327 357 2393 formae
391 2332 539 2414 speciem
572 2332 785 2416 praebebant.
842 2331 937 2396 Tales
977 2329 1119 2414 figurae,
1154 2346 1237 2409 quae

63 2437 208 2502 Veneris
246 2454 313 2500 non
351 2436 531 2501 dissimiles
571 2444 682 2521 erant,
727 2439 901 2503 Chitoniae
944 2453 1065 2500 nomen
1103 2435 1239 2498 duxisse

63 2542 229 2607 videntur.
277 2532 279 2535 ⁵
883 2553 889 2568 '

153 2648 264 2712 Huius
289 2649 461 2715 Chitoniae
484 2652 522 2713 in
545 2651 704 2714 honorem
729 2649 902 2732 Syracusis
930 2649 1115 2733 peculiares
1139 2648 1238 2711 salta-

64 2756 173 2819 tiones
204 2752 374 2840 fiebant6),
409 2776 474 2839 qua
503 2776 540 2822 re
572 2757 726 2841 publicus
759 2756 892 2838 quidam
925 2756 1032 2820 cultus
1065 2754 1238 2818 indicatur.

64 2861 183 2924 Adhuc
209 2863 298 2926 enim
321 2867 449 2927 tantum
472 2864 514 2928 de
542 2865 671 2948 privato
694 2863 821 2928 Dianae
851 2862 1006 2947 genitalis
1034 2861 1116 2926 deae
1147 2861 1239 2925 cultu

65 2969 209 3050 egimus,
249 2969 307 3033 sed
344 2972 519 3054 permultis
558 2972 641 3036 locis
680 2973 781 3035 etiarn
817 2971 972 3056 publicae
1011 2969 1235 3034 caerimoniae

63 3073 204 3156 fiebant,
242 3094 381 3157 quarum
415 3079 653 3142 imitatissimae
689 3082 784 3143 erant
817 3078 1004 3162 puellarum
1037 3076 1237 3140 saltationes.

46 3179 205 3264 Semper
228 3183 318 3245 enim
340 3182 448 3248 Diana
479 3204 546 3249 non
570 3186 677 3250 solum
708 3187 844 3266 maritas
876 3185 1018 3249 feminas
1048 3181 1107 3246 sed
1138 3182 1238 3266 etiarn

64 3281 199 3370 puellas
221 3279 443 3372 pubescentes
466 3292 554 3355 tueri
571 3291 775 3373 credebatur,
800 3308 902 3372 quare
917 3289 1049 3373 puellae
1067 3291 1101 3351 et
1116 3287 1238 3372 malias

70 3563 74 3568 ·
138 3533 160 3602 ¹)
181 3533 210 3590 O.
229 3535 251 3592 Ι.
270 3533 302 3590 G.
323 3533 392 3593 1052
409 3537 473 3592 add·
492 3537 520 3603 b,
545 3537 623 3602 1063,
645 3536 713 3594 2481
734 3540 763 3594 et
780 3538 843 3592 add.
861 3537 889 3603 b,
914 3534 992 3592 5941.
1029 3534 1063 3591 cf.
1081 3534 1155 3590 Suid.
1173 3550 1195 3588 s.
1212 3552 1238 3588 v.

137 3621 208 3693 ²)0.
226 3623 247 3678 I.
268 3623 300 3680 G.
320 3623 398 3681 1595.
434 3626 469 3680 cf.
487 3625 740 3694 Mitscherlich,
759 3628 794 3682 de
812 3627 902 3681 Diana
920 3625 1038 3695 Sospita
1068 3621 1144 3679 ecta.
1163 3619 1239 3677 1821.

137 3709 159 3781 ⁸)
178 3712 269 3770 Schol.
286 3713 382 3784 Apoll·
400 3715 491 3771 Rhod.
512 3715 536 3781 1,
555 3713 616 3772 288.
652 3715 726 3773 Soio.
745 3734 767 3771 s·
783 3734 810 3772 v.
844 3716 918 3770 Ante
934 3715 1047 3784 nuptias
1065 3713 1140 3769 enim
1158 3719 1241 3768 zon'ae

57 3801 275 3956 virgipespdepp
294 3803 425 3960 decippppp
441 3802 580 3947 splebpnt.
609 3890 662 3947 248

206 3905 240 3944 re
278 3905 326 3956 er,
426 3935 434 3948 .
478 3910 500 3948 r.
533 3911 589 3962 ,p.
662 3935 670 3950 .

137 3975 159 4045 ⁵)
178 3978 212 4033 of.
233 3978 403 4047 Welcker,
421 3980 472 4037 Tb
491 3979 538 4036 Gr.
557 3980 578 4047 Ι,
597 3999 625 4050 p.
646 3981 697 4038 575
715 3998 755 4050 sq.

136 4063 159 4134 ⁶)
178 4066 281 4122 Athen.
301 4066 343 4132 14,
361 4085 389 4136 p.
409 4068 461 4124 619
480 4086 503 4126 c.
566 4109 567 4112 η
