2872 4868
789 240 832 304 90

164 449 165 452 ’
226 453 289 517 dea
311 454 474 537 paulatim
496 455 533 516 in
555 471 717 537 personae
739 454 904 517 humanae
927 453 1242 535 potentissimaeque
1258 450 1362 533 reginas

227 558 365 625 formam
403 565 547 625 mutata·
565 564 625 642 est,
658 579 742 643 quae
776 564 874 623 antea
908 558 971 623 dea
1004 559 1113 641 gentis
1146 557 1241 621 illius
1273 557 1365 620 Aricao
1394 572 1434 597 ·¹

226 667 386 731 naturalis
398 666 517 749 fuerat,
535 685 686 749 quaeque
702 665 884 731 secundum
900 657 1063 729 cultorum
1078 681 1189 730 mores
1204 663 1370 728 bellicosam

225 777 378 837 naturam
401 773 562 840 induerat.

313 880 474 945 Eiusdem
512 881 595 944 deae
631 878 771 945 eandem
801 882 953 943 maumam
987 879 1024 941 in
1057 877 1118 941 illa
1150 876 1216 941 dea
1255 875 1375 940 animad-

223 988 400 1068 vertimus,
440 988 534 1051 ciuus
570 989 608 1070 in
642 988 800 1078 honorem
833 986 1055 1049 Amazones
1092 983 1222 1048 ballare
1263 984 1377 1064 eiusque

225 1093 351 1158 cultum
390 1111 573 1177 propagare
611 1094 818 1159 dicebantur.
873 1091 972 1156 Multi
1009 1091 1144 1173 quidem
1170 1086 1378 1172 ‚mythologil

223 1199 403 1264 fabulosae·
421 1199 531 1283 gentis
554 1199 651 1265 deam
673 1201 824 1264 lunarem
847 1217 921 1263 esse
945 1201 1096 1278 censent,
1124 1199 1185 1278 qui
1209 1216 1301 1262 error
1320 1195 1380 1260 inde

223 1307 336 1389 fluxit,
369 1306 455 1388 quod
477 1306 620 1370 Dianam
647 1307 683 1370 in
705 1308 899 1371 universnm
920 1306 1073 1384 lunarem
1094 1304 1192 1368 deam
1217 1322 1292 1369 esse
1315 1303 1381 1367 arbi·

223 1414 405 1478 mabuntur.
452 1412 537 1477 Mihi
565 1419 677 1477 autem
703 1412 865 1478 bellicosa
890 1415 1009 1476 natue
1035 1413 1072 1474 in
1099 1411 1310 1474 Amazonum
1335 1410 1382 1474 dea

222 1521 403 1605 praecipua
440 1519 544 1583 fuisse
581 1519 728 1602 videtur,
772 1519 859 1602 quod
897 1518 1050 1583 omnibus
1093 1516 1135 1581 de
1173 1517 1383 1582 Amazonibus

223 1626 347 1692 fabulis
382 1626 463 1690 satis
499 1627 737 1710 comprobatur.
794 1625 957 1690 Diodorus
992 1621 1060 1706 (II,
1095 1623 1156 1704 46)
1192 1624 1274 1688 illas
1309 1641 1384 1688 sacra

221 1725 377 1813 Ἀρτέμιδι
405 1730 446 1816 τῇ
472 1723 777 1816 προσαγορευομένῃ
808 1726 1011 1816 Ταυροπόλῳ
1038 1729 1161 1795 fecisse
1189 1731 1308 1821 trudit,
1334 1749 1384 1813 quo

224 1841 420 1923 cognomine
443 1838 540 1902 deam
562 1838 687 1902 infesta
701 1842 821 1902 natiue
835 1838 1018 1922 praeditam
1032 1837 1194 1901 videlicet
1210 1837 1384 1922 significare

222 1947 336 2034 voluit
398 1944 471 2010 Tali
512 1943 633 2009 deinde
675 1945 757 2010 deae
796 1935 928 2029 optime
957 1946 1159 2009 conveniunt
1198 1949 1385 2009 armatorum

224 2053 435 2135 saltationes,
472 2069 554 2134 quas
581 2051 629 2116 'ab
662 2051 887 2116 Amazonibus
922 2053 1122 2116 exercitatas
1157 2050 1276 2115 luisse
1302 2051 1385 2116 Galli·

222 2154 390 2238 machus²l
413 2159 523 2223 tradit.

312 2264 493 2330 Praeterea
516 2261 753 2349 Omphale³),
785 2282 871 2347 quae
893 2264 1050 2328 Herculis
1073 2282 1165 2329 arma
1187 2266 1210 2328 i
1235 2283 1263 2328 e.
1288 2281 1385 2328 arcum

226 2371 260 2434 et
281 2371 471 2460 pharetram
494 2375 643 2456 gestasse
666 2371 848 2454 dicebatur,
876 2376 1008 2442 nostrae
1032 2371 1115 2436 deae
1138 2371 1284 2436 formam
1305 2386 1386 2455 prae

222 2475 289 2559 bet,
318 2496 405 2558 quae
430 2479 516 2562 apud
538 2477 650 2558 Lydos
673 2478 757 2542 olim
774 2479 812 2541 in
834 2479 927 2542 cultu
954 2482 989 2542 et
1010 2477 1133 2542 fabulis
1155 2479 1297 2562 vulgata
1319 2481 1384 2543 erat

222 2581 310 2665 Lydi
336 2585 425 2648 enim
449 2583 596 2648 Semitas
620 2585 706 2647 hanc
727 2583 924 2667 religionem
940 2585 980 2650 ab
996 2584 1089 2649 Ariis
1111 2586 1132 2648 i.
1154 2603 1181 2649 e.
1206 2585 1384 2670 Phrygibus

221 2690 391 2773 recepisse
413 2689 577 2753 videntur.
1219 2693 1221 2698 '

227 2851 228 2854 ,
311 2796 466 2879 Denique
480 2798 517 2860 in
532 2795 739 2881 Cappadocia
751 2799 808 2861 vel
820 2797 1024 2884 temporibus
1039 2799 1283 2880 posterioribus
1296 2817 1386 2863 arma·

221 2905 492 2969 tamhancdeam
500 2896 1386 2984 invenimus‘Ma’nominatam,cuiussacerdosccma

221 3014 336 3076 nensis
356 3010 427 3075 fere
450 3012 564 3094 regale
585 3012 764 3095 imperium
785 3012 888 3077 totius
910 3012 1101 3095 provinciae
1122 3009 1277 3077 obtiniut.
1315 3012 1386 3076 Eam

222 3117 318 3182 deam
330 3117 529 3182 Plutarchus
545 3113 640 3203 (Sull.
657 3115 937 3202 plasmatum
952 3118 1081 3182 Lunam
1096 3136 1139 3181 an
1149 3117 1338 3184 Minervm
1354 3137 1388 3181 an
1419 3195 1420 3198 Ἴ

221 3221 398 3288 Bellonam
413 3226 562 3301 nominet
585 3223 723 3306 dubitat,
746 3225 835 3290 unde
859 3226 1019 3307 cuiusque
1043 3225 1125 3290 deae
1148 3230 1283 3308 partem
1306 3228 1388 3291 illam

224 3331 427 3394 continuisse
452 3331 598 3413 colligas.
636 3330 854 3421 NecAssyrii
876 3333 942 3414 ipsi
964 3332 1066 3396 talam
1088 3333 1186 3396 deam
1209 3334 1390 3398 nonhabe

221 3435 320 3517 bant,
352 3434 440 3500 Istar
471 3438 689 3520 nominatam,
726 3439 820 3503 ouius
854 3440 963 3522 imago
998 3439 1105 3504 stellis
1139 3439 1272 3504 inserta
1306 3447 1390 3524 virgo

224 3542 412 3626 sagittifera
442 3539 553 3625 erat4).
598 3543 692 3608 Haec
721 3546 789 3609 ianr
806 3564 862 3609 ex
884 3545 1107 3608 Asiaticorum
1137 3547 1294 3628 gentium
1323 3547 1392 3612 reli·

225 3653 325 3734 gione
358 3650 569 3736 comparandi
600 3653 708 3736 gratia
738 3653 849 3735 athrli,
886 3670 975 3716 nunc
1005 3671 1085 3716 vero
1119 3651 1161 3715 ad
1194 3651 1392 3719 Graecorum

222 3759 372 3842 ipsorum
394 3757 590 3822 bellicosam
612 3757 754 3822 Dianam
777 3758 1028 3824 describendam
1050 3759 1230 3843 pergimus.
1272 3785 1273 3788 ¹

294 3966 315 4034 ι)
335 3969 483 4034 Preller,
506 3969 597 4038 nun.
616 3968 662 4024 or.
681 3969 704 4034 1,
726 3986 754 4038 p.
772 3967 834 4050 ass.
871 3969 1099 4036 uaeramus,
1124 3969 1176 4025 nie
1195 3970 1278 4028 stam
1299 3974 1393 4038 sunan,

220 4055 241 4121 I,
260 4054 438 4215 pilfflguymn.
456 4145 505 4210 III,
523 4163 550 4200 v.
568 4145 619 4200 241
640 4151 700 4214 sqq.

294 4231 315 4300 ⁸)
335 4233 369 4288 ci.
394 4234 543 4300 Preller,
569 4233 609 4298 II,
633 4243 660 4304 p.
684 4232 745 4288 226.
782 4235 874 4291 Tmoli
898 4236 981 4292 fuisse
1006 4236 1106 4292 coniux
1130 4235 1275 4308 Omphale
1301 4241 1394 4297 fertur:

221 4322 358 4379 Tmoliam
378 4340 444 4380 vero
462 4324 582 4379 Dionem
601 4322 699 4378 laudat
716 4323 818 4380 Athen.
839 4323 880 4391 14,
899 4323 941 4380 38.

292 4409 315 4481 ⁴)
335 4412 369 4469 cf.
388 4412 433 4467 llr.
452 4412 672 4475 Lenormant,
690 4411 742 4467 Die
760 4412 891 4483 Anltnge
909 4413 1081 4479 dunculinn,
1100 4412 1134 4479 11,
1154 4431 1183 4484 p.
1203 4419 1250 4476 51.
