2872 4868
621 289 662 348 47

47 519 126 564 sum
166 503 251 582 quod
283 497 433 562 Lauerus
468 497 566 579 (Syst
598 497 702 578 Myth.
737 497 791 562 (11.
826 517 856 581 p.
889 496 966 576 289)
1001 497 1042 560 ad
1076 497 1225 560 lunarem

44 611 205 670 naturam
230 607 424 688 cognomina
447 604 574 670 Dianae
597 604 713 670 refert:
737 601 870 682 Λνκεία,
898 600 1069 677 Aeacius,
1095 593 1226 682 Ἀμαρυ-

47 711 111 793 σία,
137 731 215 774 cum
237 713 336 795 primi
359 712 451 775 illius
476 713 680 796 cognominis
705 711 868 793 originem
892 709 990 792 plane
1012 706 1143 770 nescire
1166 725 1226 769 nos

49 837 211 882 censeam
222 815 254 900 ¹),
291 818 408 882 horum
440 837 519 882 vero
554 819 701 900 origines
733 817 773 880 ab
809 815 1003 900 oppidorum
1036 813 1227 878 nominibus

48 925 263 990 deducendas
277 944 351 990 esse
363 925 546 990 Pausanias
559 919 724 1005 indicat2).
746 921 843 986 Idem
858 920 1007 985 Lauerus
1024 921 1058 1002 (l.
1072 921 1093 984 l.
1104 939 1136 1002 p.
1149 917 1227 1000 290)

50 1033 154 1116 plano
170 1049 328 1114 perverse
353 1033 394 1096 ad
416 1033 568 1096 limarem
591 1031 688 1094 deam
709 1027 885 1094 referenda
901 1031 1016 1092 censet
1032 1026 1229 1110 cognomina

48 1129 239 1218 ἐλλοφόνος,
274 1131 455 1220 τηλέμαχος,
481 1137 693 1218 τρικλοιρίαθ),
725 1129 907 1218 χρυσήνιος,
938 1126 1227 1214 χρυσηλάκατοςῆ,

52 1261 131 1306 cum
156 1243 223 1305 alia
244 1243 374 1306 ratione
400 1244 503 1306 multo
527 1229 666 1305 facinus
685 1241 802 1304 eadem
825 1240 987 1324 explicari
1003 1255 1102 1321 posse
1119 1239 1228 1318 quivis

48 1350 237 1432 intellegat.
308 1345 309 1350 ’
1303 1339 1304 1342 ’

142 1453 258 1537 Neque
276 1455 420 1536 denique
436 1457 600 1537 Aeschyli
620 1455 843 1538 fragmentum
854 1449 888 1535 ⁵),
914 1453 1000 1535 quod
1022 1452 1083 1516 ille
1109 1452 1230 1533 laudat,

50 1563 93 1626 ad
121 1563 236 1626 lunam
266 1562 391 1626 refero:
420 1554 459 1635 ἀς
482 1561 673 1644 (Erinnyes)
698 1556 772 1624 οὔτε
805 1554 923 1642 alippii
952 1551 1049 1641 ἡλίου
1079 1551 1231 1636 προσδέρ-

48 1689 141 1732 κεται
157 1661 231 1729 ὀὔτ’
256 1660 444 1747 ἀστερωπὸν
460 1662 547 1750 ὄμμα
562 1661 697 1749 Apicios
712 1661 821 1746 κόρης,
844 1665 903 1728 sed
919 1664 961 1728 ad
977 1664 1063 1728 caeli
1078 1663 1232 1727 noctumi

49 1773 222 1837 stellatam
252 1773 413 1855 speciem:
449 1765 635 1854 ἀστερωπὸς
670 1773 760 1835 enim
795 1772 874 1834 luna
907 1771 1072 1834 nominari
1106 1773 1231 1852 nequit,

50 1879 113 1944 sed
143 1878 250 1941 solum
280 1879 410 1942 caelum
437 1883 635 1943 nocturnum
645 1874 672 1963 6)
703 1879 773 1942 sive
802 1873 946 1960 saecu.
991 1875 1063 1952 Qua
1091 1896 1127 1941 re
1159 1897 1233 1962 per-

51 1990 171 2070 specta
194 1987 316 2048 mirum
337 1985 479 2068 videtur,
504 2003 602 2067 quam
626 1986 757 2048 sincere
781 1989 815 2048 et
835 1986 1024 2068 incorrupte
1041 1985 1231 2066 Aeschylus

50 2093 184 2158 Dianae
208 2096 361 2155 naturam
386 2093 653 2174 antiquissimam
676 2092 806 2154 noverit
829 2096 863 2154 et
886 2092 1109 2175 descripserit.

143 2198 263 2282 ltaque
287 2199 395 2263 denuo
420 2198 562 2282 singulis
586 2197 686 2261 rebus
709 2181 864 2280 peractis
877 2199 912 2261 id
935 2202 1065 2261 tantum
1089 2198 1130 2262 de
1147 2199 1233 2261 anti-

51 2308 218 2390 quissima
237 2307 400 2389 religione
417 2310 563 2370 statuere
579 2323 753 2387 possumus
769 2304 922 2368 lunarem
937 2303 1064 2369 Dianae
1081 2309 1234 2368 naturam

50 2417 89 2478 in
115 2433 190 2478 eam
205 2417 335 2477 tantum
352 2414 553 2477 sententiam
569 2412 780 2496 probandam
790 2431 873 2495 esse,
896 2417 934 2476 ut
949 2414 1029 2477 luna
1045 2412 1232 2493 symbolum

50 2523 164 2585 noetis
189 2521 240 2584 sit.
286 2518 401 2584 Noctis
425 2521 528 2604 igitur
551 2520 666 2583 divina
688 2521 862 2584 maiestate
886 2520 1082 2604 principalis
1105 2519 1233 2583 Dianae

50 2633 175 2692 natiue
200 2628 395 2692 continetur.

148 2732 319 2809 Quodcum
343 2735 391 2797 ita
413 2734 466 2814 sit,
491 2734 592 2796 etiam
615 2737 717 2796 noctu
739 2751 834 2796 sacra
857 2732 939 2796 deae
961 2733 1050 2797 facta
1067 2752 1141 2798 esse
1159 2752 1234 2796 con-

53 2846 259 2907 sentaneum
283 2844 342 2922 est,
368 2841 461 2903 cuius
484 2841 535 2903 rei
559 2840 727 2923 complura
750 2839 911 2903 habemus
934 2840 1089 2922 exempla
1099 2835 1132 2917 Β).

147 2947 266 3011 Restat
252 2951 347 3010 taut
349 2951 471 3029 em,ut
433 2949 782 3009 utmonumentorum
803 2947 994 3009 testimonia
1017 2945 1058 3008 de
1075 2950 1236 3010 nocturna

51 3057 113 3120 vel
144 3056 255 3119 lunari
283 3036 411 3117 Dianae
450 3053 562 3117 indole
598 3053 817 3135 explicemus.
867 3051 978 3115 Huius
1010 3071 1090 3116 vero
1127 3053 1236 3135 operis

52 3182 124 3227 non
156 3166 207 3225 est
237 3163 387 3244 singulas
417 3179 611 3225 enumerare
640 3164 766 3224 statuas
798 3165 830 3223 et
860 3179 1012 3224 nummos
1047 3164 1081 3223 ot
1112 3157 1236 3242 figuras

55 3272 183 3354 pictas,
215 3287 299 3350 quae
328 3268 426 3331 lunae
458 3268 645 3347 symbolum
674 3270 866 3332 contineant
893 3269 949 3331 vel
973 3267 1063 3332 aliud
1088 3267 1258 3330 eiusdem·

53 3375 214 3457 notionis
238 3393 302 3438 neo
320 3375 501 3456 quidquam
517 3375 560 3438 ad
575 3379 728 3438 naturam
747 3376 831 3440 deae
849 3375 1081 3459 explicandam
1099 3373 1236 3451 confert,

135 3656 156 3726 ¹)
175 3657 206 3714 P.
223 3657 259 3725 11,
278 3657 322 3720 31,
340 3659 372 3722 4;
392 3657 426 3712 cl.
446 3657 681 3724 Schoemann‚
701 3659 768 3724 Ant.
787 3657 833 3713 Gr.
851 3657 886 3722 II,
906 3675 934 3727 p.
952 3657 1018 3714 481.

135 3745 157 3813 ²)
177 3747 208 3803 P.
227 3747 303 3812 VIII,
323 3747 366 3813 36,
386 3746 410 3798 7.
447 3746 477 3802 Ρ.
495 3746 516 3813 1,
536 3749 579 3813 31,
598 3749 623 3801 4.

134 3834 157 3902 8)
177 3835 217 3890 Ea
235 3839 285 3901 est,
304 3837 380 3891 cuius
399 3839 524 3890 tornenos
543 3853 557 3891 a
576 3837 660 3892 trium
670 3839 813 3907 vpagorum
827 3839 900 3891 sorte
912 3835 958 3890 vel
970 3853 1039 3905 agro
1053 3836 1237 3903 compositum

55 3930 116 3993 est;
137 3926 172 3982 cf.
192 3926 222 3981 P.
242 3925 302 3990 VII,
324 3927 364 3991 19,
386 3925 409 3978 l.

134 4012 157 4083 ⁴)
176 4015 222 4069 An
240 4014 335 4070 omnia
353 4015 467 4069 deorum
487 4031 572 4070 aurea
589 4015 775 4072 instrumenta
792 4017 829 4071 ad
847 4016 943 4070 lunam
959 4013 1128 4116 pertinent?

134 4102 158 4171 ⁵)
177 4104 307 4172 Aeschyl.
325 4103 359 4158 fr.
381 4102 438 4157 159.

134 4191 157 4260 ⁶)
177 4193 241 4248 Eur.
260 4192 374 4262 Hippol
394 4191 445 4246 850
464 4210 519 4262 sq.:
540 4187 638 4260 φέγγος
656 4189 745 4247 ἀελίου
763 4213 791 4248 τε
808 4192 853 4245 καὶ
871 4189 968 4253 νυκτὸς
981 4187 1236 4259 ἀοτεροπόνοέλοις.

136 4281 158 4350 ⁷)
178 4283 241 4336 Eur
269 4281 332 4336 Son.
360 4299 386 4335 ι
411 4273 562 4348 1978311
587 4279 634 4334 καὶ
661 4277 730 4341 Διὸς
757 4276 914 4348 ἀστερωπὸς
940 4275 1117 4348 ἀνεχόρευσεν
1143 4275 1238 4345 αἰθήρ

55 4389 166 4444 χορευει
185 4365 221 4426 δε,
234 4365 339 4422 esiciam.

138 4457 160 4525 ⁸)
183 4459 217 4513 cf.
235 4458 267 4510 P.
288 4454 348 4519 Vll,
369 4455 409 4520 19,
431 4458 460 4522 13
479 4456 525 4521 Vl,
544 4456 587 4523 22,
606 4459 631 4512 9.
668 4454 731 4508 Eur.
750 4453 813 4508 Hel.
834 4454 912 4511 1365.
