2872 4868
770 244 813 306 26

205 455 467 542 circumiecisse,
495 471 541 521 nc
562 453 757 521 Semelam
787 457 828 520 iu
856 456 1148 520 matrimonium
1170 452 1380 535 duceret¹t

205 560 332 626 Dianae
363 562 466 644 igitur
493 561 657 626 invidiosa
683 563 719 624 in
747 560 913 626 Semelam
941 563 1134 641 aemulatio,
1167 580 1253 643 quae
1283 564 1379 644 vulgo

204 665 341 732 lunonis
370 668 476 732 irrisae
498 668 692 751 putabatur,
723 669 964 750 antiquissimis
985 668 1190 750 temporibus
1215 668 1378 732 adscribe·

205 773 317 840 hatur:
363 773 506 840 Prelleri
543 791 621 842 uera
661 775 759 838 huius
798 774 932 840 fabulae
971 775 1230 856 explicationem
1266 773 1377 856 (myth

205 878 259 945 Gr.
289 879 321 963 I,
350 901 381 963 p.
412 881 477 944 375
505 881 578 965 ια),
610 900 709 963 quam
738 882 779 944 acl
807 882 955 945 locorum
984 884 1136 944 natiuam
1163 883 1193 944 is
1223 900 1376 946 revocare

207 991 354 1070 conatur,
377 989 488 1052 miuus
510 986 717 1071 prohabilem
741 1006 817 1052 esse
840 1001 968 1054 censeo.

208 1163 209 1166 ,
297 1093 379 1158 Tum
403 1093 555 1171 Dianam,
587 1113 673 1176 quae
695 1093 784 1158 lovis
809 1113 892 1158 uxor
915 1095 966 1174 sit,
996 1095 1215 1176 agnoscimus,
1245 1095 1276 1158 si
1300 1113 1376 1176 quae

206 1201 438 1282 antiquissima
481 1200 652 1266 amborum
695 1204 869 1266 numinum
916 1203 1011 1283 sigua
1056 1202 1238 1284 composita
1278 1201 1376 1264 imese

205 1312 438 1374 memorantur.
486 1306 693 1400 Quamquam
716 1310 751 1376 in
775 1309 837 1372 hac
857 1326 895 1370 re
912 1326 930 1370 e
949 1311 1135 1372 statuarum
1150 1309 1377 1372 coniunctione

206 1413 293 1478 nihil
321 1414 362 1478 de
393 1414 531 1479 deorum
560 1416 713 1498 coniugio
742 1415 857 1498 colligi
879 1429 979 1497 possa
1007 1416 1129 1496 opponi
1153 1415 1243 1496 licet,
1270 1418 1378 1478 tamen

207 1524 335 1584 certum
365 1521 461 1586 nobis
492 1521 626 1585 videtur
661 1540 734 1585 esse
771 1523 940 1604 signorum
975 1521 1210 1584 coniunctione
1245 1519 1378 1584 deornm

206 1628 354 1710 ipsorum
393 1629 589 1693 relationem
626 1628 792 1709 quandam
832 1628 1001 1690 illustrari
1068 1624 1212 1708 Sicyone
1245 1629 1282 1690 iu
1314 1627 1379 1692 foro

205 1733 295 1798 Iovis
325 1738 358 1798 et
385 1733 513 1800 Dianae
546 1737 618 1800 siue
647 1736 718 1798 ulla
753 1740 822 1799 arte
855 1734 945 1798 facta
979 1736 1074 1818 signa
1111 1730 1257 1816 arante:
1293 1737 1380 1800 illius

208 1859 390 1924 cognomen
414 1841 590 1930 Μειλίχιος,
615 1842 714 1904 huius
739 1833 881 1926 Πατρῴα
906 1845 986 1906 erat.
1033 1839 1172 1925 Signum
1193 1861 1274 1906 vero
1296 1841 1381 1907 Iovis
1435 1828 1436 1831 ¹

207 1947 400 2032 pyramidis,
423 1946 550 2011 Dianae
575 1949 749 2012 columnae
773 1946 912 2011 formam
929 1948 1121 2031 exhibebat,
1143 1949 1232 2012 uncie
1249 1949 1381 2012 illorum

207 2073 368 2118 summam
404 2058 606 2119 vetustatem
639 2055 739 2120 facile
776 2056 977 2138 cognoveris.
1041 2054 1124 2118 Cum
1163 2057 1220 2120 hio
1255 2055 1382 2139 Iupiter

205 2161 377 2224 Milichius
394 2162 589 2246 appelletur,
615 2164 716 2226 etiam
732 2163 836 2227 altare
861 2166 894 2225 et
915 2162 1028 2225 lucum
1045 2162 1137 2224 Deris
1160 2161 1341 2242 Μειλιχίων
1351 2159 1382 2242 3),

207 2269 264 2350 qui
293 2265 449 2348 Myoniae
477 2269 513 2330 iu
545 2269 701 2352 oppidulo
724 2268 865 2332 Doricae
897 2269 1053 2352 tetrapoli
1087 2267 1266 2332 finitimum
1297 2270 1381 2332 cole·

207 2373 328 2437 bantur
352 2391 550 2455 quamquam
573 2377 708 2439 nomina
731 2374 864 2458 singula
885 2393 954 2439 uon
976 2374 1149 2457 adduntur,
1179 2375 1220 2438 ad
1250 2375 1383 2440 eosdem

207 2480 286 2544 deos
314 2478 491 2544 referenda
521 2499 594 2544 esse
624 2500 754 2562 censeo,
783 2483 982 2564 praesertim
1006 2500 1081 2548 cum
1104 2484 1266 2545 nocturna
1291 2501 1385 2546 sacra

208 2587 258 2649 eis
293 2585 382 2650 facta
415 2588 491 2668 sint,
528 2589 639 2670 qualia
673 2587 800 2652 Dianae
834 2587 1004 2654 nonnullis
1031 2589 1115 2654 locis
1148 2587 1385 2654 offerebantur.

206 2690 306 2756 quta
328 2691 418 2756 Iovis
442 2695 562 2758 solium
585 2693 713 2758 Dianae
737 2699 847 2760 statua
869 2692 1072 2780 Megalopoli
1096 2700 1168 2759 erat
1178 2693 1213 2778 ⁴),
1241 2715 1311 2760 nou
1336 2699 1386 2762 ita

207 2804 349 2884 vetusta,
375 2819 450 2864 cum
475 2801 689 2886 Cephisodoti
712 2806 747 2866 et
768 2801 1001 2885 Xenophontis
1026 2806 1200 2868 amasset

296 2906 449 2989 Denique
465 2907 556 2971 Iovis
581 2913 615 2972 et
636 2907 764 2974 Dianae
793 2911 986 2994 coniugium
1010 2909 1233 2990 eDictynnae
1249 2908 1387 2974 Minois-

208 3031 273 3094 que
308 3014 422 3078 fabula
455 3015 606 3079 derivare
641 3035 814 3101 possumus
828 3013 855 3100 ⁵)
889 3016 994 3080 Minoi
1030 3017 1119 3080 eninr
1153 3017 1386 3097 antiquissimo

210 3118 327 3183 Cretae
350 3123 425 3204 regi
446 3122 513 3205 ille,
538 3124 596 3203 qui
617 3125 750 3207 proprie
770 3122 861 3187 Iovis
880 3123 1004 3188 Cretici
1027 3122 1137 3204 iuerat
1153 3139 1245 3186 amor
1259 3123 1387 3187 tribue-

207 3225 312 3290 batur.
358 3225 570 3294 Britomartis
593 3231 675 3314 ipsa,
700 3249 796 3312 quae
810 3230 927 3294 eadem
951 3248 990 3292 ac
1010 3229 1182 3310 Dictynna
1204 3234 1264 3311 est,
1288 3247 1387 3314 prop-

208 3335 302 3397 terea
330 3332 419 3397 Iovis
447 3334 518 3398 filia
550 3355 624 3400 esse
653 3337 743 3400 dicta
774 3341 825 3400 est
856 3335 972 3400 eodem
1000 3336 1106 3418 modo,
1139 3354 1202 3417 quo
1225 3341 1387 3418 posteaa

211 3437 348 3504 Graecis
364 3439 472 3505 Diana
487 3441 576 3507 Iovis
599 3441 671 3507 filia
692 3444 862 3506 nominata
886 3447 945 3506 est.
992 3441 1147 3507 Fortasse
1172 3443 1274 3506 etiam
1299 3443 1387 3527 apud

214 3543 478 3614 Stratonicenses
501 3549 629 3634 Iupiter
659 3555 693 3613 et
716 3549 828 3612 Trivia
851 3551 871 3612 i.
895 3568 922 3614 e.
946 3548 1075 3614 Hecate
1104 3551 1262 3632 coniuges
1286 3551 1388 3615 habe-

285 3795 305 3863 ¹)
326 3797 355 3850 P.
376 3797 428 3861 lx,
452 3796 480 3861 2,
504 3795 534 3849 3:
560 3795 725 3863 Στησίχορος
744 3791 776 3848 ai·
799 3789 816 3848 ὅ
831 3790 961 3862 Ἱμεραῖος
979 3791 1094 3864 ἔγραψεν
1113 3790 1216 3861 ἐλάφου
1234 3791 1389 3863 περιβαλεῖν

210 3879 296 3951 δέρμα
311 3878 451 3936 Ἀκταίωνι
468 3884 519 3950 τῆν
535 3881 612 3943 θεόν,
631 3881 892 3952 παρασκευάζουσάν
914 3883 941 3936 οἱ
957 3879 1005 3936 τὸν
1027 3879 1056 3935 ἐκ
1072 3882 1127 3934 τῶν
1144 3881 1235 3934 κυνῶν
1251 3880 1388 3943 θάνατον,

210 3967 255 4020 ἵνα
274 3965 308 4036 δὴ
326 3965 363 4036 μὴ
380 3973 499 4036 γυναῖκα
517 3963 637 4036 Σεμέλην
652 3965 740 4037 λάβοι.

284 4054 306 4120 ²)
326 4057 356 4110 P.
380 4057 420 4122 ΙΙ,
448 4056 477 4122 9,
502 4058 528 4114 6.
565 4057 602 4115 cf.
629 4056 799 4124 Gerhard,
826 4058 992 4114 Prodromus
1018 4056 1106 4126 myth.
1135 4053 1389 4128 Kanaterkliiruug,

210 4165 238 4216 p.
256 4145 291 4198 36
309 4162 350 4213 sq.
437 4187 440 4190 .

215 4275 216 4278 η
285 4232 306 4301 ³)
325 4233 354 4286 Ρ.
374 4235 409 4294 X.
427 4232 470 4300 38,
490 4234 515 4289 8.

284 4319 307 4389 ⁴)
326 4323 356 4378 P.
376 4323 451 4388 Vlll,
470 4324 513 4384 80,
533 4323 574 4380 10.
612 4323 646 4378 cl.
666 4326 811 4393 praeterea
828 4324 858 4380 P.
877 4324 912 4389 ΙΙ,
931 4323 974 4388 22,
993 4323 1018 4376 2.

285 4409 307 4479 ⁶)
327 4413 357 4467 P.
377 4413 412 4468 ll.
432 4413 474 4478 30,
494 4413 510 4468 3
528 4429 568 4480 sq.
605 4413 738 4478 Hoech,
758 4413 851 4480 Kreta,
869 4413 904 4478 ΙΙ,
923 4430 950 4481 p.
971 4411 1029 4466 161.
