2872 4868
779 235 799 296 2

206 451 333 514 Dianae
358 450 589 532 antiquissima
611 453 728 512 natura
752 447 902 512 effecisse
926 447 1010 510 mihi
1030 445 1152 523 videor,
1166 444 1373 508 sententias-

209 575 272 639 que
300 577 411 639 novas,
447 574 527 638 quas
557 554 598 618 de
631 554 695 618 diis
719 554 855 618 Graecis
885 555 921 616 in
948 551 1094 617 medium
1120 551 1254 635 protuli,
1287 567 1374 612 nuuc

205 664 332 748 publici
361 665 443 728 iuris
473 662 576 743 facio,
610 665 647 724 ut
678 661 799 725 eruditi
826 663 962 725 inventa
993 664 1050 723 aut
1071 658 1210 742 probare
1241 660 1300 719 aut
1327 673 1375 718 re-

206 772 323 835 fellere
347 772 483 854 possint.

295 950 347 1014 Ac
371 948 497 1012 Dianae
522 949 656 1031 quidem
679 950 714 1011 in
736 948 964 1012 vetustissima
981 945 1180 1010 Graecorum
1203 945 1377 1028 religione,

207 1058 313 1138 qualis
337 1060 413 1120 ante
436 1055 574 1119 Homeri
587 1059 740 1119 aetatem
763 1054 874 1137 fuerit,
904 1051 1122 1118 describenda
1150 1069 1230 1135 prae
1257 1052 1378 1115 ceteris

204 1165 289 1227 ratic
319 1162 471 1227 habenda
501 1167 559 1246 est,
595 1163 681 1244 quod
710 1163 746 1224 in
773 1163 872 1224 huius
907 1161 989 1224 deae
1025 1160 1117 1223 cultu
1152 1157 1378 1239 antiquissimi

210 1272 295 1333 ritus
318 1270 536 1334 servabantur
559 1273 593 1334 et
617 1269 703 1351 quod
726 1269 826 1332 etiam
848 1271 964 1351 postea
986 1266 1094 1330 Diana
1122 1265 1209 1348 apud
1232 1265 1378 1329 Graecos
1435 1290 1436 1295 ¹

211 1395 339 1440 summa
354 1377 515 1458 religione
533 1381 566 1440 et
582 1377 676 1439 cultu
691 1376 814 1439 eximio
831 1374 1062 1438 honorabatur.
1102 1371 1250 1436 Fuerunt
1267 1377 1379 1436 autem

208 1485 265 1565 qui
297 1502 340 1546 ex
372 1484 481 1547 aliena
507 1488 596 1546 terra
626 1481 753 1545 Dianae
789 1483 914 1545 cultum
948 1483 985 1545 in
1013 1481 1187 1545 Graeciam
1221 1480 1380 1543 tralatum

210 1609 283 1654 esse
308 1587 580 1670 contenderent1)
612 1594 669 1653 aut
690 1589 911 1672 multiplicem
936 1592 1121 1653 statuerent
1143 1587 1255 1651 cultus
1279 1589 1379 1670 origi-

206 1693 329 1781 nem2).
374 1697 468 1762 Haec
491 1698 656 1762 sententia
679 1697 842 1781 imprimis
871 1715 909 1760 eo
932 1697 1065 1779 probari
1085 1693 1270 1776 videbatur,
1295 1695 1383 1776 quod

207 1804 327 1868 Graeci
358 1807 423 1888 ipsi
457 1804 589 1868 fabulas
624 1804 664 1867 de
701 1805 792 1867 cultu
827 1823 870 1867 ex
905 1805 1053 1868 externis
1093 1801 1248 1886 gentibus
1287 1803 1382 1866 illato

208 1911 429 1975 tradiderunt:
465 1911 524 1976 sed
559 1911 748 1974 huiusmodi
780 1910 913 1990 fabulis,
952 1929 1027 1973 cum
1061 1927 1161 1993 saepe
1195 1909 1284 1972 nihil
1316 1910 1384 1973 nisi

94 2017 96 2020 ’
210 2019 365 2100 antiquae
387 2018 560 2101 religionis
582 2016 897 2100 redintegrationem
917 2016 974 2079 rel
989 2016 1100 2079 levem
1115 2016 1383 2080 immutationem

211 2125 409 2210 significent,
439 2144 506 2190 non
533 2125 638 2188 multa
668 2123 750 2188 fides
778 2124 954 2194 tribuenda
986 2127 1046 2189 est.
1095 2122 1216 2205 Contra
1237 2122 1382 2205 probare

208 2232 349 2297 conabor
388 2253 431 2297 ex
469 2234 588 2296 intima
624 2233 768 2296 nationis
808 2230 955 2295 Graecae
994 2230 1105 2294 indole
1143 2234 1178 2294 et
1215 2229 1381 2313 religione

207 2337 335 2402 Dianae
370 2340 496 2402 cultum
531 2343 639 2403 ortum
673 2357 747 2402 esse
784 2342 817 2402 et
851 2337 938 2420 apud
972 2337 1140 2421 Pelasgos,
1177 2335 1382 2401 Graecorum

208 2446 457 2528 antiquissimas
480 2449 607 2528 gentes,
631 2463 757 2508 summo
781 2444 962 2509 inhonore
987 2463 1118 2528 semper
1140 2443 1245 2507 fuisse
1262 2444 1383 2507 solum·

210 2571 273 2634 que
307 2570 428 2616 nomen
463 2552 545 2615 deae
569 2545 720 2631 ’Ἄρτεμιν
754 2571 772 2615 e
804 2553 918 2636 lingua
957 2552 1111 2616 orientali
1149 2550 1382 2614 descendisse:

207 2659 341 2722 facilius
373 2660 462 2722 enim
490 2660 526 2721 in
554 2658 716 2742 religione
744 2660 879 2724 nomina
906 2677 1003 2741 quam
1031 2660 1168 2722 numina
1202 2659 1276 2740 ipsa
1307 2675 1383 2740 per-

208 2769 386 2830 mutantur.
432 2765 561 2829 Deinde
588 2770 762 2848 poetarum
784 2767 948 2850 imprimis
972 2768 1141 2848 epicorum
1164 2765 1299 2847 ingenio
1322 2766 1384 2827 tri-

209 2873 377 2938 buendum
407 2874 501 2955 duco,
530 2871 616 2955 quod
644 2891 688 2936 ex
716 2874 785 2937 illis
809 2871 993 2956 Pelasgicis
1024 2873 1088 2936 diis
1117 2869 1293 2954 Olympici,
1321 2873 1382 2954 qui

210 2981 373 3061 dicuntur,
412 2984 590 3044 evaserunt
624 2984 658 3044 et
694 2999 754 3063 per
787 2998 901 3044 omnes
935 2977 1095 3043 Graeciae
1127 2981 1240 3062 partes
1273 2998 1381 3062 aeque

209 3087 339 3170 vulgati
362 3090 396 3150 et
418 3088 454 3150 in
477 3092 593 3171 gentes
617 3087 826 3170 familiasque
850 3087 993 3152 ordinati
1017 3090 1103 3152 sunt.
1143 3084 1208 3150 Sed
1230 3087 1267 3150 in
1282 3088 1381 3151 valli·

209 3192 271 3256 bus
294 3192 459 3256 Arcadiae
482 3196 618 3258 remotis
642 3195 784 3277 aliisque
812 3193 972 3258 Graeciae
995 3192 1198 3277 regionibus,
1225 3192 1285 3256 ubi
1312 3196 1380 3277 pri-

210 3317 282 3363 scas
306 3299 402 3363 sedes
426 3299 638 3364 obtinuerant
660 3305 786 3384 gentes,
808 3299 977 3384 Pelasgici
1000 3301 1034 3363 di
1058 3301 1154 3364 solito
1177 3318 1268 3363 more
1293 3301 1383 3364 cole-

209 3405 346 3471 bantur:
379 3407 460 3488 quin
488 3409 588 3472 etiam
604 3409 765 3474 ,homines
793 3407 961 3472 interdum
985 3408 1027 3471 iis
1051 3406 1290 3486 mactabantur,
1322 3409 1382 3489 qui

208 3531 279 3577 mos
302 3515 338 3577 in
360 3513 487 3579 Dianae
511 3517 603 3579 cultu
625 3516 770 3578 maxime
793 3514 937 3599 vigebat.
984 3513 1170 3578 Dolendum
1191 3517 1303 3578 autem
1320 3518 1381 3595 est,

210 3621 295 3701 quod
323 3622 496 3705 religionis
520 3622 721 3687 Graecorum
752 3623 1011 3704 antiquissimae,
1043 3639 1127 3704 quae
1157 3621 1250 3684 nulla
1273 3620 1383 3703 philo-

211 3729 387 3810 sophorum
410 3731 538 3793 ratione
562 3728 676 3793 habita
697 3732 850 3792 naturam
873 3727 977 3792 solam
1000 3731 1114 3792 secuta
1137 3731 1197 3809 est,
1220 3731 1289 3790 tam
1305 3745 1380 3791 rara

208 3835 351 3918 vestigia
374 3837 459 3916 sunt,
482 3837 520 3897 ut
541 3835 633 3899 nullo
656 3833 752 3899 modo
775 3834 842 3898 nisi
866 3833 1081 3898 coniectando
1096 3832 1257 3916 proficere
1272 3835 1381 3916 possi-

283 4131 304 4202 ¹)
324 4133 358 4189 of.
376 4133 408 4190 G.
427 4134 608 4199 Hermann,
627 4150 673 4202 op.
691 4150 731 4188 ac.
751 4132 813 4198 Vll,
831 4151 859 4203 p.
877 4133 939 4190 307.

282 4219 303 4290 ²)
323 4223 386 4278 Jam
403 4223 561 4294 mytholegi
578 4222 688 4290 antiqui
705 4222 734 4277 id
752 4222 885 4278 fecerunt.
920 4221 957 4277 ci.
969 4221 1025 4278 (lic.
1044 4221 1070 4276 d.
1087 4224 1144 4278 nat.
1164 4222 1190 4277 d.
1203 4220 1252 4284 111,
1271 4220 1314 4288 23,
1333 4223 1379 4289 58,

206 4311 281 4367 inter
299 4311 467 4368 recentiores
484 4310 650 4375 Weloker,
670 4309 764 4368 Theol-
784 4309 831 4366 Gr.
849 4310 870 4377 Ι,
889 4328 916 4380 p.
935 4311 995 4366 561.
