2872 4868
623 253 666 316 65

65 461 354 543 maturitatemque
390 462 613 544 adsequantur
647 483 731 547 quae
767 467 917 530 oriuntur
952 484 969 529 e
1003 459 1110 530 terra'.
1166 465 1231 531 Sed

64 569 312 648 antiquissimas
328 569 404 634 illas
420 573 546 653 gentes,
563 591 647 653 quae
663 571 790 636 Dianae
809 591 930 637 numen
949 574 1232 656 excogItaverunt
1322 611 1324 617 ,

62 675 178 742 eadem
207 677 354 740 sensisse
382 678 442 740 vix
473 678 632 742 credibile
662 682 721 760 est,
750 681 947 762 praesertim
974 697 1050 744 cum
1076 681 1112 742 in
1138 685 1232 744 vetu-

60 782 216 848 stissimis
233 783 275 846 de
296 783 358 846 hac
373 782 502 848 Dianae
524 789 643 850 natura
657 787 857 852 testimoniis
880 788 1017 852 minime
1040 788 1139 852 lunae
1161 787 1233 850 ulla

58 892 185 954 mentio
209 891 299 956 facta
320 893 372 956 sit.
418 891 547 956 Deinde
575 896 697 975 nostra,
728 912 792 974 qua
814 894 900 958 hanc
922 893 1052 958 Dianae
1079 898 1233 958 natmam

58 999 279 1080 explicamus,
313 999 398 1062 ratio
431 999 670 1083 perspicuitate
702 1001 775 1084 ipsa
808 1003 888 1065 satis
922 1002 1170 1066 commendatur
1198 1004 1232 1064 et

58 1124 191 1170 conexu
220 1107 426 1188 singularum
456 1105 539 1170 deae
568 1108 729 1172 virtutum
756 1110 879 1191 optime
909 1110 1064 1174 munitm.
1111 1107 1232 1172 Dentre

57 1231 157 1293 quam
187 1231 346 1296 perverse
369 1211 568 1278 Welclrerus
597 1215 684 1278 hanc
712 1214 838 1278 Dianae
868 1217 938 1280 vim
965 1216 1127 1300 explicat,
1156 1234 1231 1279 cum

56 1320 148 1384 dicat
177 1319 245 1401 (Th.
270 1317 324 1382 Gr.
347 1317 390 1403 Π,
419 1340 450 1404 p.
474 1319 565 1400 400):
592 1313 692 1385 ‘lime
720 1321 820 1386 dritta
851 1333 964 1404 grosse
988 1321 1113 1387 Whrde
1142 1324 1230 1406 ging,

55 1428 223 1492 nachdem
260 1428 315 1492 die
349 1427 548 1494 Herrsohait
586 1430 645 1496 des
677 1429 882 1494 Mondliohts
919 1430 978 1494 auf
1010 1431 1060 1494 sie
1094 1430 1233 1492 auruch-

56 1535 221 1618 gebraoht
251 1533 292 1616 (d)
320 1555 401 1618 war,
435 1536 494 1599 auf
521 1538 576 1601 die
607 1538 755 1602 heusche
788 1537 925 1620 therin
956 1536 1040 1600 liber
1071 1555 1136 1600 von
1167 1536 1232 1600 den

56 1641 346 1726 Mondgbttinncn,
368 1645 432 1708 vvie
455 1645 491 1707 ln
506 1643 655 1708 Brauron
669 1645 738 1708 und
751 1643 944 1726 Munychia,
968 1644 1022 1708 die
1039 1643 1233 1707 Geburts·
1345 1695 1348 1704 ,

56 1740 204 1820 hilfel’,
249 1748 397 1814 Primum
431 1749 616 1815 Brauronia
653 1752 715 1815 dea
751 1769 817 1814 non
850 1751 977 1814 lunaris
1012 1753 1075 1813 est:
1111 1747 1232 1812 deinde
1286 1770 1288 1774 ¹

58 1856 222 1938 quomodo
238 1857 402 1940 virginem
417 1861 623 1923 venatricem
639 1858 828 1922 obstetricis
845 1858 942 1940 quasi
958 1855 1067 1920 officio
1083 1855 1232 1920 functam

58 1983 134 2029 asse
172 1965 311 2047 cogitari
342 1966 477 2048 potest?
527 1956 626 2030 ‘Dem
663 1964 870 2045 mystIschcn
905 1961 1029 2028 Gefdhl
1065 1981 1134 2026 vvar
1172 1961 1231 2025 das

58 2070 237 2136 scheinbar
267 2069 591 2155 Widersprechende
630 2072 710 2136 eher
747 2070 914 2155 zusagend
960 2071 1010 2134 als
1049 2059 1230 2150 ansttssig,'

58 2180 146 2261 quod
185 2177 355 2244 Welolreri
388 2197 584 2263 responsum
620 2178 838 2261 improbabile
876 2177 1018 2240 videtur.
1078 2174 1231 2256 Denique
1329 2243 1332 2250 .

56 2285 145 2368 Deli,
174 2285 234 2348 uhi
263 2287 323 2350 illa
345 2285 459 2351 LetoIs
481 2285 590 2349 Diana
615 2287 709 2368 virgo
737 2289 852 2368 postea
881 2285 1027 2348 maxime
1051 2281 1230 2363 colebatur,

57 2393 186 2458 Dianae
210 2391 370 2474 Ilithyiaa
395 2393 503 2456 cultis
527 2393 777 2474 antiquissimus
803 2395 882 2474 erat,
911 2409 1021 2472 neque
1053 2408 1097 2453 ex
1118 2390 1234 2480 Attica

58 2502 169 2564 aliave
200 2498 359 2563 Graeciae
390 2501 527 2584 regione
558 2500 712 2564 adscitus.
763 2497 881 2581 Itaque
912 2499 975 2562 hac
1001 2499 1129 2561 rattcne
1160 2515 1232 2560 rem

5 2617 33 2634 ¹·
59 2606 294 2691 explicandam
316 2625 392 2671 esse
418 2625 550 2671 censeo:
574 2606 682 2671 Diana
706 2625 781 2672 oum
802 2606 964 2689 paulatim
978 2607 1015 2668 in
1031 2604 1232 2669 Graecorum

56 2716 222 2798 religione
254 2715 395 2796 virginis
425 2715 573 2797 speciem
599 2714 737 2778 induere
762 2715 936 2796 coepisset,
967 2711 1008 2775 ad
1036 2710 1119 2774 illud
1149 2709 1232 2772 anti·

58 2822 258 2902 quiSsimum
282 2819 429 2884 officium
452 2823 608 2902 tanquam
632 2819 860 2884 obstetricium
885 2821 995 2882 minus
1018 2817 1137 2880 idonea
1158 2832 1232 2877 esse

58 2930 133 2992 visa
158 2931 218 3010 est,
243 2945 344 3008 quare
368 2927 453 2990 hanc
467 2925 597 2990 Dianae
612 2926 793 3009 genitalem
808 2929 962 2988 naturam
976 2925 1013 2986 in
1027 2921 1232 3006 peculiarem

58 3036 207 3100 nummus
237 3033 377 3097 formam
407 3032 603 3116 redigebant
632 3051 771 3113 eamque
805 3030 979 3112 Ilithyiam
1012 3027 1231 3114 appellabant,

59 3160 262 3224 quamquam
284 3140 540 3223 quibusdamin
553 3139 745 3223 regionibus
761 3138 869 3202 Diana
893 3137 1148 3222 parturientium
1170 3135 1233 3199 dea

59 3249 117 3312 diu
152 3247 404 3330 religiosissime
441 3247 618 3312 colebatur.
675 3244 843 3322 Quomodo
878 3243 1017 3325 Ilithyia
1052 3262 1070 3306 e
1104 3241 1232 3305 Dianae

57 3357 197 3420 numine
222 3356 375 3437 evaserit,
405 3354 494 3417 infra
523 3354 709 3418 accuratius
737 3350 990 3434 explicabimus,
1017 3344 1231 3433 posteaquam

57 3462 189 3526 Dianae
228 3461 333 3545 ipsius
367 3462 468 3542 ¹quasi
499 3459 682 3524 Lucinae
716 3463 869 3523 naturam
904 3457 1106 3521 testimoniis
1145 3473 1232 3517 com-

57 3569 320 3653 probaverimus.

149 3674 316 3739 Homerus
351 3674 485 3757 quidem
520 3680 554 3738 et
587 3673 759 3754 Ilithyiam
781 3673 939 3743 nominat,
978 3673 1011 3732 et
1039 3666 1166 3730 DIanae
1195 3666 1232 3726 in

58 3787 184 3846 matres
195 3783 419 3865 parturientes
431 3783 500 3844 va
513 3785 746 3845 commemorat
758 3798 896 3861 eamque
905 3775 1232 3861 perniciosissimam,

59 3884 260 3969 describ1t¹),
285 3881 352 3951 ἐπεί
374 3880 542 3951 taltorta
563 3883 712 3967 γυναιξὶν
736 3879 818 3957 Ζεὺς
839 3885 943 3967 θῆκεν
958 3878 1012 3945 καὶ
1027 3876 1124 3944 ἔδωκε
1139 3896 1232 3940 κατα-

58 3990 180 4076 κτάμεν
201 3986 245 4076 ἥν
259 3986 287 4055 κ’
303 3987 476 4075 ἐθέλῃσθα,
500 4009 600 4072 quem
615 3991 723 4055 Iocum
739 3995 830 4055 recte
846 3988 1030 4053 Pausanias
1047 3983 1114 4067 (IV,
1131 3983 1183 4064 30,
1200 3980 1232 4061 5)

58 4100 298 4182 interpretatur
310 4091 462 4178 Ἄρτεμιν
476 4095 642 4176 γυναικῶν
657 4090 769 4159 ὠδῖσιν
784 4087 864 4158 εἶναι
879 4087 1033 4176 φοβεράν.
1065 4088 1234 4155 Discernit

57 4210 163 4293 IgItur
186 4204 358 4285 Ilithyiam
385 4207 543 4283 tanquam
570 4202 747 4284 propitiam
775 4199 871 4263 deam
895 4219 915 4262 a
936 4198 1053 4284 Diana,
1084 4216 1167 4282 quae
1197 4197 1233 4257 in

134 4434 155 4502 1)
178 4433 201 4484 a
222 4430 282 4488 433.

1008 4533 1030 4585 s
