2872 4868
599 241 663 328 ios

31 473 185 556 plurima
201 473 468 557 comprobabunt,
491 477 652 541 nonnulla
671 477 811 542 fortasse
828 478 1002 562 corrigent,
1026 484 1115 544 certe
1131 480 1211 546 huic

33 581 163 645 rationi
187 585 223 644 et
243 581 319 645 viae
341 580 468 646 fructus
491 601 558 646 non
583 583 731 648 deerunt.

128 687 289 771 Exempli
319 690 426 771 gratia
457 708 502 754 ex
529 692 776 773 comparatione
794 684 1001 777 'religionum
1025 693 1215 775 opinionem

35 795 207 860 deducere
234 813 419 877 possumus,
452 815 571 860 canem
601 797 642 861 ad
665 796 808 861 Dianam
830 803 865 862 et
886 798 1038 862 Hecaten
1064 799 1212 862 additum

33 903 150 965 minus
172 902 378 966 venatricem
399 901 550 966 indicare
569 902 666 968 deam
681 923 778 986 quam
793 904 992 969 infernalem
1007 902 1212 986 dominamll.

11 1001 103 1072 'Vel
126 1006 255 1072 Dianae
269 1006 440 1073 Pheraeae
466 1009 624 1074 infestam
647 1015 800 1074 naturam
822 1012 945 1095 optime
967 1011 1210 1094 intellegemus,

35 1117 68 1178 si
81 1116 162 1197 equi
174 1114 216 1177 ad
227 1119 367 1179 mortem
375 1115 573 1179 relationem
584 1116 750 1200 quandam
761 1118 914 1181 extitisse
922 1117 1172 1200 probaverimus
1180 1113 1213 1198 ²).

33 1222 104 1286 Vel
119 1220 248 1285 Dianae
272 1222 442 1305 epitheton
464 1215 705 1303 χρυσηλάκατος
719 1225 852 1308 proprio
867 1242 969 1310 sensu
983 1225 1214 1308 accipiendum

36 1347 114 1393 esse
140 1346 179 1392 eo
203 1327 390 1392 confirmari
413 1328 556 1411 videtur,
589 1330 675 1411 quod
698 1329 855 1394 Germani
877 1329 1022 1395 Hcldam
1051 1336 1085 1394 et
1106 1329 1211 1394 Berh·

34 1443 122 1517 tam,
160 1433 288 1498 Dianae
322 1435 511 1499 simillimas
548 1436 642 1518 deas,
678 1454 782 1520 aeque
818 1437 889 1501 colo
923 1439 1103 1501 instructas
1139 1455 1213 1502 esse

36 1540 239 1625 cogitabant.
295 1540 407 1605 Pauca
440 1545 569 1606 tantum
605 1543 660 1606 hic
695 1544 815 1626 addidi,
850 1543 1101 1609 fimdamentum
1133 1563 1212 1608 vero

36 1649 322 1732 comparationum
367 1649 504 1713 dearum
550 1648 753 1713 Graecarum
792 1654 826 1714 et
863 1639 1135 1715 Germanicarum
1174 1668 1213 1713 eo

33 1757 191 1841 posuisse
229 1755 313 1817 mihi
345 1755 475 1838 videor,
522 1756 609 1837 quod
646 1755 786 1839 Dianae,
832 1757 1081 1840 antiquissimae
1120 1756 1215 1837 deae,

33 1869 191 1926 naccam
212 1861 433 1945 principalem
455 1863 635 1945 explanavi
658 1867 692 1927 et
715 1864 864 1946 singulas
886 1864 1028 1926 virtutes
1049 1862 1214 1926 recentio-

33 1987 160 2050 resque
183 1968 272 2050 deas,
296 1987 380 2050 quae
403 1987 448 2032 ex
469 1969 529 2032 illa
556 1969 743 2034 declinatae
767 1971 843 2050 sint,
867 1969 1067 2033 enumeravi.
1112 1967 1213 2032 Prae·

33 2083 134 2140 terea
175 2075 239 2139 hac
281 2073 505 2156 disputatione
546 2075 779 2158 comprobasse
815 2094 870 2138 me
908 2075 1050 2139 arbitror
1085 2073 1213 2137 Dianae

36 2183 167 2247 cultum
195 2181 238 2245 ad
267 2179 412 2246 Graecos
439 2183 577 2244 minime
607 2201 652 2246 ex
680 2179 837 2245 Semitica
863 2182 1026 2264 religione
1055 2180 1212 2244 tralatum

36 2307 124 2372 esse,
155 2288 191 2350 id
221 2286 308 2369 quod
337 2287 474 2370 plurimi
496 2287 729 2371 opinabantur,
757 2306 866 2369 neque
889 2288 1040 2351 lunarem
1061 2291 1214 2350 naturam

37 2413 116 2460 esse
147 2394 230 2459 deae
262 2394 491 2478 principalem,
526 2414 625 2476 quam
660 2395 731 2459 fere
766 2414 879 2459 omnes
912 2393 1097 2476 mythologi
1130 2393 1214 2457 false

36 2505 237 2567 statuerunt.
282 2499 313 2565 N
314 2520 353 2564 ec
375 2505 488 2565 tamen
511 2503 631 2585 omnia,
656 2521 740 2583 quae
762 2500 802 2564 ad
817 2500 944 2564 Dianae
968 2500 1055 2583 apud
1071 2498 1214 2563 Graecos

42 2609 173 2673 cultum
195 2609 410 2690 pertinerent,
435 2613 493 2670 aut
516 2627 560 2670 ex
585 2609 723 2673 consilio
745 2607 917 2671 tractanda
938 2606 1035 2671 nobis
1051 2611 1145 2668 erant
1160 2612 1217 2669 aut
1257 2611 1259 2616 ’

34 2719 180 2780 tractata
204 2719 289 2777 sunt.
333 2709 458 2795 Itaque
476 2716 574 2778 omisi
599 2715 858 2798 disputationem
880 2714 921 2778 de
945 2713 1155 2776 caerimoniis
1180 2717 1213 2776 et

36 2822 159 2887 diebus
188 2821 293 2903 festis,
326 2820 367 2884 dc
398 2826 571 2904 poetarum
599 2823 820 2904 posteriorum
850 2820 933 2884 deae
956 2817 1209 2901 laudationibus,

34 2931 82 2995 de
105 2930 289 3011 imaginum
319 2927 403 2992 deae
432 2929 595 2992 immensa
623 2926 836 2992 multitudine
859 2927 966 3008 deque
982 2923 1214 3004 symbolorum

36 3043 76 3102 et
99 3034 334 3099 attributorum
356 3036 503 3099 omnium
525 3036 669 3117 notione,
702 3035 743 3098 de
767 3034 887 3116 quibus
909 3033 1022 3096 tamen
1042 3029 1212 3111 nonnulla,

34 3160 128 3227 quae
155 3141 197 3204 ad
218 3139 347 3206 Dianae
375 3145 527 3205 naturam
556 3140 823 3225 perspiciendam
849 3157 915 3203 non
936 3138 1033 3222 parvi
1054 3137 1213 3199 momenti

36 3252 147 3330 erant,
179 3266 238 3312 suo
261 3249 334 3312 loco
356 3249 526 3332 proposui:
558 3249 669 3311 omnia
690 3266 770 3311 vero
794 3245 988 3330 singulatim
1009 3247 1214 3327 pertractare

32 3357 131 3421 ultra
153 3355 251 3418 huius
275 3355 509 3438 disputationis
534 3356 711 3424 circuitum
732 3353 949 3437 progreditur.

117 3579 139 3647 ¹)
158 3580 322 3662 Simroclr,
349 3582 368 3636 l.
392 3582 411 3635 l.
434 3600 462 3651 p.
486 3584 550 3638 385:
583 3573 648 3637 ‘Der
673 3581 769 3645 Hund,
797 3581 846 3634 der
871 3577 1046 3648 Jungfrauen
1072 3575 1213 3644 Begleiter

31 3672 102 3729 und
120 3669 307 3734 Schatzhiiter‚
326 3669 362 3723 ist
380 3669 428 3723 der
446 3663 645 3724 Hellenhund?

117 3755 140 3824 ἦ)
159 3757 200 3810 ld.
219 3775 247 3826 p·
265 3755 325 3813 386.

416 4433 484 4484 'lypis
498 4435 524 4474 Ε.
535 4431 673 4482 Gutomanni,
687 4431 840 4473 Vramlavua
