2872 4868
782 245 824 307 98
869 334 909 338 --

217 457 313 522 deam
344 457 470 520 Dianae
499 458 630 539 priscae
662 455 802 519 formam
830 456 1001 537 praebere.
1039 455 1155 530 ¹Recte
1189 458 1278 518 enim
1314 455 1366 534 dea,

217 583 301 646 quae
333 568 409 626 ante
438 581 550 626 omnes
575 561 709 625 deorum
733 563 944 646 genealogias
967 562 1086 643 iuerat,
1119 560 1227 624 Mater
1254 561 1368 624 deomn

218 671 377 754 appellari
403 670 519 752 potuit,
554 669 647 730 cuius
680 685 698 730 e
726 672 844 730 natura
872 667 1058 731 declinatae
1088 668 1275 750 complures
1305 668 1369 731 deae
1429 682 1436 711 ν

215 779 382 861 propriam
418 775 597 838 induerunt
635 774 783 838 formam.
844 773 1051 857 Quamquam
1089 776 1191 858 igitur
1227 777 1262 838 in
1297 776 1370 838 cultu
1427 790 1436 815 ν

215 885 349 968 publico
382 880 549 946 interdum
579 880 769 947 nominibus
802 881 884 945 deae
908 881 1182 960 discernebantur
1204 886 1372 965 pactaeque
1423 896 1430 930 ·

216 992 365 1074 singulas
403 991 563 1071 cuiusque
603 987 717 1052 laudes
757 989 1008 1071 excogitabant,
1050 994 1161 1052 tamen
1200 989 1279 1052 deas
1316 989 1371 1052 fere

217 1116 331 1161 omnes
364 1097 406 1159 ad
437 1097 522 1158 hanc
545 1094 686 1159 Matrem
713 1096 905 1159 referendas
930 1113 1004 1160 esse
1029 1114 1157 1176 censeo,
1189 1097 1245 1160 cui
1267 1097 1304 1159 in
1323 1097 1373 1178 pri-
1428 1128 1436 1155 1.

216 1210 291 1268 vato
320 1205 411 1267 cultu
442 1205 583 1286 primam
613 1219 745 1286 semper
776 1202 975 1266 tribuebant.
1021 1201 1195 1266 Interdum
1226 1221 1304 1266 vero
1334 1201 1375 1264 val

216 1312 252 1373 in
274 1309 408 1393 publico
438 1309 531 1372 cultu
560 1309 647 1371 hanc
676 1309 820 1391 priscam
843 1313 993 1371 naturam
1018 1310 1164 1371 servavit
1187 1307 1251 1372 dea
1275 1310 1372 1372 civita·
1432 1342 1434 1351 =

216 1422 333 1498 tesque
356 1417 392 1478 in
416 1415 566 1480 eiusdem
588 1415 721 1499 templis
745 1415 837 1509 leges
862 1415 1070 1499 deponebant
1093 1421 1126 1479 et
1149 1420 1232 1479 acta
1245 1416 1374 1499 publica,
1434 1452 1436 1479 t

165 1525 168 1530 ’
218 1523 304 1606 quod
326 1523 375 1586 ibi
397 1528 531 1606 propter
553 1524 744 1586 universam
766 1523 865 1586 huius
887 1523 971 1586 deae
994 1524 1194 1606 religionem
1225 1525 1375 1587 tutissima

218 1631 277 1694 illa
312 1629 383 1693 fore
418 1628 603 1712 sperabant.
656 1628 786 1692 Deinde
815 1647 903 1710 vero,
941 1647 1016 1692 cum
1045 1629 1179 1693 urbium
1208 1629 1375 1694 custodian

218 1737 340 1801 habere
363 1740 543 1819 putaretur,
569 1736 782 1799 consiliorum
806 1737 990 1800 sollertiam
1015 1740 1048 1800 et
1070 1736 1283 1820 prudentiam
1299 1754 1376 1819 prae·

217 1844 297 1908 bere
327 1842 469 1906 Dianam
503 1842 687 1906 credebant.
742 1840 796 1906 Sic
828 1842 995 1906 Hesiodus
1025 1839 1187 1907 Hecatam
1221 1844 1376 1927 praedicat

218 1950 349 2032 (Theog.
372 1969 401 2013 v.
424 1951 489 2012 429
514 1948 589 2030 sq.):

370 2042 397 2140 qi
421 2049 448 2118 δ’
472 2049 571 2118 ἐθέλει
592 2049 737 2136 μεγάλως
758 2055 985 2136 παραγίγνεται
1006 2049 1056 2137 ἠδ’
1081 2050 1238 2137 ὀνίνησιν·

371 2154 406 2221 ἓν
428 2153 453 2220 τ’
477 2153 580 2243 ἀγορῇ
602 2161 705 2222 λαοῖσι
726 2154 923 2239 μεταπρέπει,
947 2153 987 2222 ὄν
1008 2154 1035 2222 κ’
1058 2153 1215 2243 ἐθέλῃσιν.

218 2270 251 2328 et
274 2285 305 2330 v.
328 2265 407 2327 434:

371 2365 406 2431 ίν
427 2390 461 2431 τε
483 2369 556 2454 δίκῃ
578 2370 740 2450 βασιλεῦσι
762 2365 834 2449 παρ’
858 2371 1007 2452 αἰδοίοισι
1029 2371 1161 2448 καθίζει.

218 2472 334 2556 Neque
356 2473 484 2537 Dianae
508 2475 606 2537 huius
629 2476 763 2538 virtutis
786 2478 979 2540 testimonia
1001 2476 1130 2540 desunt.
1176 2477 1384 2560 Agoraeae

219 2581 309 2644 enim
342 2577 516 2662 Olympiae
556 2599 737 2662 cognomen
771 2580 899 2646 Dianae
935 2579 1044 2664 erat²)‚
1081 2582 1169 2646 unde
1205 2583 1290 2647 deae
1325 2585 1386 2645 rim

218 2689 320 2751 etiam
349 2686 389 2749 ad
418 2688 645 2750 contionantes
675 2688 843 2769 pertinere
868 2695 1014 2772 apparet.
1059 2689 1178 2770 Aeque
1208 2691 1387 2772 antiquitus

216 2792 343 2857 Dianae
382 2793 542 2857 sollemne
577 2811 759 2876 cognomen
798 2798 869 2858 erat
892 2795 1191 2877 Aristobulae'3
1231 2794 1266 2860 id
1307 2796 1388 2879 quod

217 2899 254 2964 E.
290 2896 451 2981 undoso
479 2900 641 2983 probavit,
676 2920 776 2982 quam
803 2901 899 2965 deam
930 2921 997 2966 non
1027 2903 1133 2966 solum
1163 2904 1389 2969 Athenienses

218 3007 279 3072 sed
311 3009 412 3071 etiam
439 3007 561 3070 Rhodii
590 3007 751 3072 colebant.
798 3006 899 3072 Illum
927 3009 1063 3090 quidem
1092 3011 1218 3074 cultum
1246 3013 1390 3090 Athenis

218 3113 458 3177 Themistocles
481 3115 672 3178 instituisse
688 3111 838 3197 fertur³):
864 3125 938 3178 cum
962 3135 1040 3181 vero
1064 3118 1264 3200 religionem
1286 3122 1393 3204 publi·

220 3238 293 3282 cam
327 3239 449 3283 novare
483 3221 631 3302 potuisse
662 3219 918 3286 Themistoclem
952 3241 1081 3306 negem,
1116 3222 1394 3306 Wachsmuthii4)

220 3328 419 3390 sententium
449 3327 664 3409 comprobans
688 3329 957 3411 antiquissimum
980 3330 1068 3393 hunc
1092 3331 1218 3394 cultum
1243 3332 1394 3415 habeam,

219 3452 317 3516 quem
340 3432 587 3516 Themistocles,
618 3453 692 3498 cum
720 3435 778 3498 ille
805 3435 904 3518 piane
933 3436 1100 3501 oblivione
1129 3457 1259 3502 mersus
1295 3447 1393 3522 essct,

218 3541 373 3622 restituit,
411 3542 482 3604 sive
518 3543 618 3604 etiam
657 3561 675 3604 e
714 3544 842 3624 privato
877 3543 1049 3624 publicum
1080 3544 1234 3611 reddidit.
1293 3548 1393 3612 Hunc

219 3652 393 3729 praeterea
420 3647 547 3711 Dianae
577 3650 702 3712 cultum
729 3651 962 3732 inscriptiones
993 3651 1077 3714 duae
1106 3649 1273 3731 Atticae⁵)
1310 3675 1396 3720 com-

220 3753 368 3837 probant,
393 3774 476 3837 quae
501 3755 643 3819 Dianam
666 3754 832 3816 Βουλαίαν
854 3758 1034 3820 nominant.

293 3974 313 4043 ¹)
331 3977 361 4030 P.
381 3976 414 4040 V,
435 3976 479 4040 15,
503 3977 529 4029 4.
565 3977 715 4030 Mercurius
737 3976 879 4045 Agoracus
902 3979 1000 4032 eadem
1023 3979 1058 4032 de
1081 3978 1225 4032 causatio
1250 3987 1399 4054 cognomi·

218 4067 312 4118 natus:
332 4064 472 4133 Aristoph.
491 4064 560 4131 Equ.
578 4083 604 4118 v.
622 4063 682 4118 297.
720 4064 826 4133 Iupiter
844 4066 997 4135 Agoraeus:
1016 4067 1083 4122 ibid.
1103 4086 1129 4122 v.
1149 4067 1208 4123 500.

293 4151 313 4219 ²)
332 4153 457 4207 Attische
475 4152 598 4215 Studien,
619 4153 639 4218 1,
659 4170 687 4221 p.
707 4152 748 4218 10,
767 4156 825 4207 not.
846 4155 868 4207 1.

294 4239 315 4307 ³)
335 4242 407 4296 Plut.
427 4242 522 4295 Them.
542 4259 564 4296 c.
584 4241 627 4295 22.

292 4328 315 4398 ⁴)
335 4332 387 4386 Die
405 4332 485 4386 stadt
502 4333 604 4399 Athen,
624 4350 651 4400 p.
670 4332 730 4385 439.

292 4418 313 4487 5)
331 4421 360 4477 C.
379 4421 400 4473 Ι.
420 4419 451 4474 G.
473 4421 522 4474 112
542 4424 570 4475 et
589 4421 647 4475 113.
