2872 4868
627 149 671 212 23

49 363 168 430 etiam
199 360 359 426 bellicosa
386 364 421 426 et
451 362 656 444 perniciosa¹
673 365 792 426 natura
821 360 1006 443 praeditam
1034 359 1138 424 fuisse
1166 379 1240 443 pro·

47 467 208 533 handum
229 471 286 531 est
315 465 369 532 Ne
390 467 586 550 Deimlingii
604 465 657 548 (de
673 465 784 549 Leleg.
800 486 830 550 p.
847 467 909 530 161)
934 464 1014 548 sqq.)
1039 469 1239 532 sententiam

52 578 290 657 praeteream,
319 577 388 638 tres
402 575 449 636 -10
476 573 558 639 facit
579 573 707 638 Dianae
737 573 860 638 formas
885 573 1096 655 originesque
1119 592 1239 657 nempe

53 679 234 760 Doricam,
264 682 470 744 venatricem
497 681 732 764 Apollinisque
761 699 921 760 sororem,
956 679 1156 744 Arcadicum
1183 680 1239 742 vel

55 786 310 869 Pelasgioami.
328 804 355 850 e.
371 787 554 852 fertilitatis
575 787 771 869 praesidem,
795 785 997 869 Lelegicam,
1022 785 1239 866 quseeadem

56 898 163 974 atque
192 891 324 956 Helena
353 894 405 958 sit.
451 892 603 974 Denique
632 891 667 957 O.
690 893 890 958 Muellerum
915 892 1028 972 laudo,
1060 893 1117 973 qui
1145 909 1239 956 aecu-

56 1000 232 1066 ratissime
248 1001 454 1082 singularum
471 1000 620 1082 gentium
634 997 835 1064 Graecarum
851 1000 1032 1082 religiones
1046 994 1238 1082 exposuitll.

58 1103 137 1176 Sed,
157 1105 205 1168 de
226 1105 291 1170 diis
321 1107 472 1187 gentium
497 1106 736 1188 civitatumque
759 1123 939 1186 eorumque
961 1105 1130 1188 peculiari
1148 1105 1240 1168 cultu

59 1213 151 1276 nihil
180 1215 264 1276 certi
300 1215 446 1276 statuere
475 1227 664 1294 possumus,
698 1218 874 1294 antequam
905 1229 1109 1292 communes,
1140 1229 1238 1292 quam

59 1317 241 1381 habuerint
265 1319 437 1382 civitatum
454 1318 511 1399 dii,
536 1318 683 1400 origines
701 1319 1001 1402 explanaverimus.
1041 1316 1238 1382 Communes

57 1443 140 1498 ,vero
167 1425 321 1488 omnibus
346 1424 484 1490 Graecis
508 1424 612 1494 luisse
638 1425 844 1506 quorundam
869 1425 1005 1488 deorum
1030 1424 1138 1488 cultus
1162 1423 1239 1488 inde

60 1535 216 1614 apparet,
247 1531 334 1612 quod
356 1533 504 1614 ipsorum
526 1530 843 1615 Indogermanorum
867 1549 1058 1596 communes
1082 1531 1240 1612 quasdam

2 1637 3 1640 ’
58 1638 101 1708 de
128 1637 194 1702 diis
218 1639 401 1702 sententias
425 1637 529 1700 fuisse
554 1642 669 1702 notum
694 1645 752 1704 est.
798 1637 916 1718 ltaque
934 1636 1136 1700 Graecorum
1160 1637 1241 1699 civi-

58 1749 167 1808 tatum
199 1744 381 1826 religiones
412 1745 510 1826 plane
541 1745 632 1808 inter
662 1765 698 1810 se
726 1747 876 1810 diversas
905 1744 1008 1826 fuisse
1036 1747 1153 1826 putare
1180 1744 1240 1806 vix

59 1870 248 1934 possumus,
273 1869 414 1932 cumque
430 1850 537 1914 Diana
562 1851 648 1933 apud
672 1872 788 1917 omnes
812 1851 884 1915 fere
905 1870 971 1914 non
987 1851 1094 1934 solum
1109 1851 1239 1934 privato

62 1957 122 2022 sed
158 1958 258 2020 etiam
292 1957 429 2041 publico
463 1957 554 2020 cultu
585 1957 745 2020 honorata
775 1960 834 2037 sit,
875 1975 989 2020 omnes
1024 1958 1095 2020 eius
1128 1958 1238 2019 varias

61 2065 206 2126 virtutes
233 2081 277 2126 ne
308 2065 457 2145 gentium
486 2062 620 2143 quidem
650 2066 855 2127 evarietate
879 2064 1029 2126 derivare
1053 2081 1238 2145 possumne.

61 2167 129 2232 Sed
154 2168 195 2231 ad
217 2169 303 2232 tales
327 2168 578 2232 distributiones
607 2170 659 2234 illi
687 2172 751 2233 viri
779 2189 818 2234 eo
848 2170 1000 2252 perducti
1029 2173 1120 2251 sunt,
1152 2169 1238 2250 quod

61 2275 203 2366 01110111
230 2275 424 2359 regionibus
453 2277 536 2339 alias
568 2275 650 2340 deae
679 2279 820 2342 virtutes
849 2277 914 2340 ooli
945 2278 978 2338 et
1007 2294 1087 2358 prae
1117 2276 1238 2339 ceteris

58 2381 191 2444 laudari
217 2382 385 2445 videbant.
441 2381 522 2446 Cum
558 2401 637 2446 vero
669 2384 860 2466 primariam
896 2381 977 2446 deae
1009 2387 1160 2445 naturam
1190 2382 1238 2445 di-

58 2487 184 2552 rimere
206 2490 357 2571 ineptum
380 2490 433 2571 sit,
456 2487 492 2551 id
514 2490 625 2572 potius
650 2490 873 2570 quaerendum
898 2490 971 2568 erit,
996 2489 1156 2570 quomodo
1171 2507 1239 2552 una

56 2595 120 2658 illa
153 2596 325 2678 primitiva
356 2600 475 2660 11011110
513 2600 646 2659 0010100
688 2613 803 2660 omnes
838 2595 1073 2680 comprehendi
1102 2597 1237 2678 possint.

60 2699 168 2764 Sicuti
201 2703 290 2764 onim
317 2703 404 2765 radii
432 2702 513 2765 solis
536 2702 696 2784 prismate
720 2703 826 2766 vitreo
850 2703 1030 2767 flectuntur
1054 2702 1238 2788 011110001-

58 2811 202 2890 guntur,
233 2807 278 2872 ut
300 2808 514 2873 admirabiles
544 2809 690 2872 colorum
718 2809 898 2873 varietates
926 2805 1087 2890 eiristant,
1120 2809 1168 2870 ita
1196 2807 1238 2884 de

60 2915 126 2978 diis
158 2917 347 2978 sententiae
378 2915 464 2998 apud
495 2914 635 2978 eandem
661 2917 831 2979 nationem
857 2933 917 2998 pro
940 2917 1128 2997 regionum,
1157 2931 1238 2996 ques

61 3023 216 3104 singulae
239 3025 357 3105 gentes
381 3025 638 3104 occupaverunt,
662 3023 822 3086 varietate
846 3024 1063 3086 immutantur
1084 3025 1238 3086 01110110-

57 3127 255 3210 formantur,
277 3131 316 3192 ut
340 3129 415 3192 aliis
431 3127 521 3192 locis
545 3126 632 3190 aliae
655 3129 796 3194 virtutes
827 3149 907 3212 prae
932 3131 1053 3194 ceteris
1078 3130 1236 3194 colantur.

60 3235 112 3298 ho
145 3234 274 3298 Dianae
314 3235 420 3317 ipsius
451 3238 569 3298 natura
605 3253 622 3298 e
653 3237 826 3319 regionum
865 3237 1115 3301 condicionibus
1143 3239 1239 3304 ,inter

58 3343 177 3426 ,omnia
199 3342 337 3412 numina
352 3340 498 3406 maxime
514 3340 734 3425 dependebat,
759 3344 882 3426 quippe
903 3345 957 3406 cui
972 3347 1081 3408 terrae
1096 3345 1238 3408 virtutes

59 3447 340 3512 attribuerentur:
356 3466 467 3529 ¹quare
491 3449 547 3510 hio
568 3447 610 3510 ad
626 3450 727 3513 silvas
744 3453 778 3514 et
792 3453 931 3532 montes,
954 3450 1027 3514 illic
1043 3451 1085 3514 ad
1099 3449 1238 3520 flumina

61 3555 301 3638 planitiesque,
330 3555 455 3637 passim
482 3554 584 3618 etiam
608 3555 648 3620 ad
671 3575 763 3620 mare
786 3557 1005 3640 scopulosque
1029 3556 1185 3632 incultu
1204 3559 1237 3618 et

57 3661 187 3726 fabulis
216 3660 434 3726 referebatur.
487 3659 614 3724 Eadem
650 3662 690 3726 de
724 3681 840 3732 causa¹
860 3662 1082 3760 factumest,
1119 3665 1157 3724 ut
1188 3665 1238 3730 tot

60 3768 260 3851 cognomina
281 3787 302 3830 0
324 3767 407 3830 locis
430 3767 536 3849 petita
556 3765 687 3833 Dianae
710 3771 967 3853 imponerentur.
1012 3768 1086 3892 Hap
1107 3787 1144 3830 re
1167 3768 1236 3834 iam

58 3882 221 3954 nostram,
245 3892 343 3955 quam
368 3891 468 3956 supra
491 3877 677 3956 statuimus,
701 3876 742 3941 de
757 3875 886 3942 Dianae
901 3881 1022 3940 natura
1036 3875 1237 3941 sententiam

60 3979 293 4046 confirmatam
322 3980 500 4062 habemus,
539 4000 603 4064 quo
631 3984 704 4065 ipso
732 3983 856 4048 indicio
885 3981 920 4046 Ο.
943 3981 1127 4048 Muellerus
1157 4000 1238 4052 usus

58 4088 190 4170 primus
215 4090 343 4150 rectam
366 4087 407 4152 de
430 4087 590 4170 primarie
613 4089 696 4154 deae
718 4093 838 4153 natura
852 4090 1042 4173 opinionem
1057 4089 1238 4172 proposuit,

139 4311 161 4380 ¹)
181 4313 223 4368 De
232 4313 323 4366 Diana
335 4316 420 4372 rerba
432 4315 501 4372 lacit
511 4314 541 4370 in
549 4316 579 4384 1.,
593 4333 674 4385 quem
688 4317 841 4389 inpcripsit:
861 4317 912 4374 Die
921 4318 1030 4383 Dorier,
1039 4317 1105 4385 hp.
1114 4317 1170 4370 tib
1179 4333 1247 4380 equ„
