2872 4868
610 292 651 352 35

26 497 207 584 παρθένος
230 495 333 584 ἀδμής
357 503 445 567 dicta
468 505 512 568 sit
527 501 700 585 Nausicaa,
725 520 810 585 quae
834 520 908 566 cum
924 499 1032 563 Diana
1054 499 1104 562 ibi
1128 517 1215 562 com-

29 614 186 692 paratur.
241 606 306 671 Sed
333 608 478 673 feminac
508 627 646 691 queque,
684 627 769 691 quae
802 609 869 670 iam
900 605 1021 669 dudum
1057 607 1215 689 coniuges

34 721 73 780 et
97 719 225 780 matres
249 714 519 798 perhibebantur,
544 734 620 779 cum
634 712 742 778 Diana
758 715 798 778 ab
814 713 959 778 Homero
976 717 1215 796 comparantur,
1301 731 1303 736 ·

35 842 164 907 nempe
194 821 327 887 Helena
355 820 387 903 (δ
416 822 491 903 112)
521 827 554 886 et
583 820 753 906 Penelopa
788 823 819 902 (ρ
849 821 914 904 37).
960 819 1077 901 Itaque
1106 820 1215 902 quiris

38 929 145 994 facilc
161 929 347 1013 intelleget,
371 947 469 1012 quam
489 928 573 992 falso
591 926 807 1006 Gladstonius
820 926 1051 1008 (Homerische
1068 925 1216 1005 Studien,

40 1037 188 1102 deutsch
210 1036 397 1100 bearbeitet
418 1055 483 1100 von
499 1033 658 1099 Schuster
681 1056 711 1118 p.
738 1036 801 1098 168
825 1033 886 1116 sq.)
902 1034 1116 1116 iudicaverit,
1141 1051 1216 1096 cum

41 1143 169 1207 dixerit
200 1144 236 1205 in
258 1141 366 1206 Diana
394 1143 489 1225 quasi
520 1143 706 1206 sanctitatis
738 1145 771 1205 et
802 1143 965 1206 castitatis
992 1141 1103 1206 ideam
1130 1139 1217 1223 apud

41 1249 228 1315 Homerum
250 1250 503 1333 repraesentari.
1065 1335 1066 1338 Ἴ

134 1357 292 1444 Attamen
314 1358 349 1420 in
374 1356 506 1437 hymnis
528 1354 719 1419 Homericis
751 1355 810 1418 has
827 1349 988 1438 ‘virginis’
1014 1355 1128 1420 laudes
1151 1356 1219 1418 iam

42 1465 250 1545 invenimus,
275 1461 314 1527 cf.
338 1463 449 1544 hymn·
473 1463 509 1525 in
530 1461 626 1526 Dian.
649 1457 692 1544 X,
716 1463 753 1524 2:
788 1457 954 1541 captivos
976 1461 1113 1544 αἰδοίην,
1136 1458 1219 1524 XVI

42 1590 74 1634 v.
99 1573 135 1632 2:
159 1563 325 1650 παρθένον
353 1563 523 1650 ἰοχέαιραν,
548 1570 578 1632 h.
602 1570 635 1633 in
659 1569 742 1632 Vsu.
767 1567 837 1650 (IV)
864 1571 919 1632 16:
947 1562 1025 1631 οὐδὲ
1051 1560 1119 1630 ποτ’
1145 1559 1218 1646 Ἀρ·-

42 1670 156 1757 τέμιδα
177 1665 421 1756 χρυσηλάκατον
442 1671 628 1755 κελαδεινὴν
650 1667 807 1754 δάμναται
829 1669 863 1735 ἐν
885 1667 1031 1753 φιλότητι
1057 1673 1220 1751 φιλομμει-

43 1773 104 1861 δὴς
125 1773 309 1859 Ἀφροδίτη.
355 1776 420 1860 ΕτιΙ
438 1777 498 1841 illo
525 1779 629 1860 igitur
657 1782 732 1860 post
761 1776 944 1841 Homerum
965 1780 1124 1858 tempore,
1156 1792 1220 1856 quo

44 1885 166 1965 hymni
196 1871 485 1967 componebantur,
514 1885 633 1948 laudes
659 1886 800 1969 virginis
826 1884 951 1947 Dianae
984 1887 1119 1965 coeptae
1144 1886 1221 1944 sunt

43 1991 262 2073 frequentari.

135 2095 176 2160 In
212 2097 393 2180 appendice
432 2097 530 2161 huius
570 2099 694 2181 capitis·
724 2098 766 2162 de
798 2097 938 2162 Hesiodi
973 2115 1102 2179 quoque
1137 2096 1221 2175 loco,

45 2223 148 2286 quem
172 2222 271 2286 saepe
287 2204 505 2287 laudabimus,
530 2206 731 2268 sententiam
746 2209 892 2269 rosham
908 2221 1091 2289 proponere
1112 2203 1221 2266 liceat.

42 2311 174 2374 Versus
197 2311 374 2374 stt-los
397 2309 606 2394 Theogoniae
631 2301 792 2391 hymnum
806 2313 842 2376 in
856 2311 1020 2376 Hecatam
1036 2309 1221 2373 continent:

43 2419 107 2500 qui
141 2436 217 2482 cum
250 2417 290 2480 ab
325 2419 414 2480 omni
448 2419 546 2482 huius
582 2420 738 2482 carminis
772 2420 902 2484 ratione
927 2419 1121 2508 abhorreat,
1155 2419 1222 2480 viri

43 2525 138 2588 docti
162 2524 203 2588 de
226 2524 297 2587 illis
321 2524 474 2588 versibus
496 2526 564 2588 iam
588 2527 693 2589 multa
718 2527 932 2592 coniecerunt
960 2532 1059 2609 atquc
1089 2525 1224 2589 adnota-

44 2629 212 2712 verunt1).
271 2631 376 2696 Recte
411 2630 659 2697 Schoemannus
693 2635 729 2697 in
764 2637 982 2699 summatibus
1018 2635 1059 2698 de
1094 2631 1223 2697 Hecate

44 2738 218 2803 Hesiodea
241 2738 411 2802 fatendum
435 2758 510 2803 esse
534 2736 617 2816 dicit
640 2740 709 2822 (1.1.
731 2761 763 2824 p.
780 2743 858 2824 249)
877 2737 976 2805 ‘hanc
991 2743 1223 2825 theogonicam

44 2846 202 2910 Hecaten
230 2845 269 2910 ab
299 2846 461 2930 omnibus,
497 2865 581 2927 quae
619 2848 753 2912 aliunde
787 2849 884 2913 nobis
919 2848 975 2911 vel
1009 2848 1050 2912 de
1078 2848 1223 2932 publicis

45 2951 268 3035 religionibus
291 2953 347 3015 rel
370 2952 410 3017 de
434 2954 603 3032 mysteriis
627 2953 727 3018 huius
751 2955 833 3021 deae
856 2957 1080 3036 innotuerunt,
1109 2954 1222 3018 multis

45 3059 157 3123 modis
186 3059 375 3143 discrepare
406 3063 439 3123 et
465 3059 663 3142 theogoniae
687 3061 786 3144 plane
809 3064 974 3145 propriam
999 3080 1073 3125 esse
1096 3055 1224 3127 videri'.

46 3165 118 3229 Sed
140 3165 278 3230 eaedem
300 3167 452 3248 virtutes,
481 3186 565 3249 quae
594 3167 643 3230 ibi
672 3169 707 3231 in
729 3167 859 3232 Hecate
882 3169 1065 3252 laudantur,
1096 3169 1223 3235 Dianae

47 3275 204 3358 propriae
243 3273 400 3337 videntur
439 3276 689 3356 antiquissimae
735 3295 823 3357 esse,
874 3278 988 3358 quales
1030 3277 1118 3339 infra
1160 3278 1224 3339 sin·

46 3381 141 3464 gulis
170 3381 253 3443 locis
282 3380 533 3464 explicabimus.
586 3380 705 3468 Itaque
736 3384 940 3467 primitivam
971 3385 1225 3449 similitudinem

48 3490 192 3554 dearum
228 3488 366 3570 probem
405 3493 438 3552 ct
475 3491 696 3573 posteriorum
731 3491 1037 3555 dissimilitudinem
1072 3493 1225 3574 primitus

48 3596 132 3659 deas
159 3595 278 3659 iisdem
307 3595 480 3659 beneficiis
508 3598 689 3661 instructas
716 3599 877 3682 paulatim
907 3599 1054 3662 diversas
1087 3601 1225 3661 virtutes

47 3721 133 3787 prae
162 3721 197 3765 se
228 3702 373 3766 ferentes
406 3685 552 3767 evasisse
583 3705 769 3775 arbitratus.
816 3705 880 3768 Vel
911 3705 997 3794 apud
1020 3705 1227 3786 Aeschylum

48 3809 162 3872 Diana
198 3810 271 3892 ipsa
302 3804 445 3892 Ἑκάτης
483 3829 667 3893 cognomen
708 3809 890 3895 exhibot2).
956 3813 1052 3876 Alias
1091 3811 1226 3874 dearum

50 3916 242 3998 relationes,
266 3918 387 3998 quibus
410 3917 550 3981 Dianam
574 3924 608 3982 et
632 3919 795 3984 Hecatam
818 3938 919 3984 unam
942 3919 1106 4001 quondam
1131 3919 1227 3983 deam

130 4196 151 4264 ¹)
170 4199 220 4254 ne.
244 4179 406 4267 corioro,
431 4200 560 4256 zeitschr.
579 4202 599 4256 f.
618 4201 859 4265 Althershumsw„
882 4203 920 4268 x,
946 4202 1026 4270 1852,
1050 4203 1229 4275 pst-111,

52 4287 283 4354 Schcemann,
303 4289 354 4360 Op.
373 4291 422 4346 Ac.
440 4291 475 4355 II,
494 4309 522 4361 p.
542 4290 691 4346 sle—249.

131 4373 152 4442 2)
171 4377 293 4446 Supplic.
316 4379 380 4433 676:
400 4375 524 4448 ”Accepto
547 4372 571 4430 δ’
589 4371 707 4432 Ἑκάταν
728 4381 865 4447 paraturis
887 4379 983 4449 λόχους
1009 4377 1157 4450 ἐφορεύειν.
1195 4383 1230 4438 cf.

53 4468 283 4533 Schocmann,
302 4467 322 4521 l.
340 4469 358 4522 l.
377 4487 404 4540 p.
424 4470 484 4524 237.

1005 4577 1045 4632 *ὶῆ-
