2872 4868
770 218 811 282 16

206 431 378 494 simillima
412 435 511 498 esset.
567 431 719 497 Nominis
757 432 1066 516 interpretationem
1102 432 1165 494 vix
1203 431 1375 512 quisquan
1424 412 1430 454 ξ

205 536 318 602 166616
343 536 523 619 conabitur,
555 557 630 602 oum
658 539 852 606 Thracicam
881 541 1038 622 linguam,
1065 538 1155 602 unde
1179 537 1269 601 illud
1293 542 1375 602 certo
1427 520 1430 528 ’

204 645 421 710 derivandum
444 649 503 727 est,
527 647 724 710 nesciamus.

290 753 445 816 Alterum
481 771 602 816 nomen
637 743 773 826 Ἀνᾶῑτις
812 757 876 836 661,
917 771 980 834 quo
1018 751 1114 833 Lydi,
1154 751 1375 834 Cappadoces,

204 859 372 940 Armenii,
411 855 536 922 Persae
568 857 695 922 Dianae
731 860 876 924 similem
911 858 1007 923 deam
1042 857 1259 942 appellabant
1270 854 1308 938 1);
1346 857 1376 920 id

205 966 339 1049 quidem
360 963 554 1029 Semiticum
581 985 653 1030 non.
673 966 827 1050 habeam,
857 967 944 1050 quod
965 965 1145 1030 Stickelius
1174 964 1229 1046 (de
1252 963 1376 1028 Dianae

203 1073 360 1139 Persicae
384 1076 595 1139 monumento
620 1072 905 1158 Graechwyliano,
934 1073 1006 1138 Jen.
1033 1069 1130 1153 1856)
1153 1072 1246 1155 fecit,
1281 1073 1376 1135 immo

203 1179 536 1244 Windischmannum
546 1177 570 1261 ¹)
609 1199 741 1264 sequar,
781 1182 851 1263 qui,
892 1199 967 1244 cum
1002 1181 1039 1242 in
1068 1177 1278 1243 Zendavesta
1314 1180 1377 1241 iam

205 1287 380 1351 Anahita
401 1288 598 1370 nominetur,
627 1288 762 1352 Aricam
784 1289 927 1352 nominis
951 1289 1114 1370 originem
1138 1287 1266 1369 statuit,
1296 1305 1376 1368 quae

207 1395 373 1458 sententia
397 1395 499 1458 etiam
522 1414 561 1459 eo
585 1395 751 1478 probatur,
775 1395 862 1477 quod
884 1394 1085 1458 Armenioae
1108 1393 1345 1476 inscriptiones
1354 1389 1375 1472 ³)

205 1501 388 1584 permultae
411 1501 581 1565 Anatdis
606 1500 678 1584 (sic)
707 1521 829 1566 nomen
861 1501 1031 1565 exhibent.
1079 1498 1270 1582 Significari
1302 1519 1376 1566 vero

206 1609 269 1672 hac
303 1626 384 1672 voce
413 1608 534 1672 dicitur
556 1599 660 1692 ‘pura,
695 1628 762 1673 non
791 1600 975 1689 maculata',
1011 1607 1097 1689 quod
1133 1608 1307 1690 epitheton
1339 1606 1377 1670 ad

207 1715 417 1780 sanctitatem
455 1715 537 1778 deae
576 1717 666 1779 omni
702 1716 847 1780 humana
880 1717 1013 1780 macula
1047 1716 1190 1778 carentis
1229 1718 1376 1798 spectare

207 1822 345 1886 videtur.
391 1822 560 1885 Analtidis
590 1822 707 1903 cultus,
740 1841 815 1885 61111
843 1822 921 1886 inde
953 1822 992 1885 ab
1024 1821 1267 1903 antiquissimis
1299 1825 1377 1884 tem·

206 1928 343 2012 poribus
377 1947 437 2011 per
470 1930 573 1992 totam
607 1927 678 1992 fere
708 1929 825 1992 Asiam
859 1930 1013 2012 vulgatus
1044 1932 1143 2011 esset,
1180 1926 1377 1992 Semitarum

206 2036 369 2119 religione
391 2035 552 2118 paulatim
575 2036 622 2099 ita
645 2037 837 2117 inquinatus
862 2041 920 2114 661,
945 2040 982 2099 11
1004 2036 1161 2099 Astartae
1176 2034 1398 2099 Phoeniciae'

208 2143 312 2206 cultui
340 2142 410 2206 fere
442 2161 501 2225 par
529 2139 668 2222 1161614).
713 2142 834 2207 Postea
859 2145 889 2206 16
920 2143 1028 2206 cultus
1052 2143 1152 2206 etiam
1176 2141 1379 2206 Graecorum

208 2254 241 2313 61
252 2248 425 2332 Phrygum
441 2268 534 2313 sacra
550 2251 761 2314 caerimoniis
777 2251 938 2314 Asiaticis
953 2249 1081 2329 1116611,
1099 2249 1218 2331 quibus
1235 2251 1380 2313 maxime

208 2354 338 2419 Dianae
362 2355 529 2438 Ephesiae
554 2357 678 2420 cultum
703 2360 865 2419 mutatum
888 2375 962 2420 6666
987 2356 1293 2421 animadvertimus.
1418 2419 1422 2428 ,

299 2462 345 2526 111
365 2461 565 2526 Graecorum
589 2465 758 2545 antiquam
782 2463 940 2546 explanet
957 2462 1165 2546 religionem,
1188 2462 1225 2527 Ε.
1249 2463 1381 2528 Curtius

209 2569 283 2651 (An.
313 2567 444 2632 Boruss.
474 2574 551 2632 tom.
577 2570 628 2652 36,
660 2591 689 2653 p.
721 2569 752 2649 5)
780 2570 995 2650 Assyriorum
1025 2569 1103 2633 deas
1132 2570 1380 2650 antiquissimas

210 2681 458 2758 commemorat,
486 2674 577 2740 Belit
603 2678 659 2740 vel
686 2675 861 2758 Mylittam,
891 2694 975 2758 quae
1007 2695 1026 2738 6
1053 2673 1259 2758 Babyloniis,
1287 2675 1381 2759 Istar,
1429 2747 1430 2766 ,

210 2802 294 2866 quae
324 2783 364 2846 ab
393 2784 552 2863 AssyriiS,
582 2781 724 2864 1161611,
756 2802 839 2865 quae
867 2785 903 2846 in
931 2783 1117 2865 Elymaide,
1142 2783 1267 2863 Anuat,
1298 2802 1381 2865 quae
1428 2783 1430 2810 ³

208 2893 245 2953 in
267 2891 451 2954 meridiana
474 2889 660 2954 Chaldaeae
688 2896 782 2974 parte
812 2891 989 2955 colebatur.
1037 2890 1101 2954 Sed
1134 2890 1174 2954 ab
1199 2891 1252 2954 his
1276 2893 1382 2955 numi·

208 2998 307 3061 nibus
324 2997 364 3060 ad
381 2997 613 3079 explicandam
630 2996 831 3063 Graecorum
847 2999 1045 3081 religionem
1060 2998 1170 3060 minus
1187 3001 1382 3080 argumenta

210 3103 409 3167 arcessenda
425 3121 497 3166 esse
514 3103 607 3184 duco,
631 3124 741 3187 neque
756 3106 996 3168 mutuationem
1020 3103 1157 3167 deorum
1181 3106 1285 3167 statui
1302 3123 1382 3188 opus

172 3268 175 3276 .
210 3213 269 3291 est,
294 3228 369 3271 cum
393 3209 493 3272 etiam
516 3210 553 3272 in
569 3211 706 3274 orientia
721 3211 913 3293 regionibus
929 3211 1101 3275 hominum
1117 3210 1158 3272 de
1175 3209 1239 3273 diis
1257 3213 1383 3300 opinio-

209 3335 269 3380 nes
299 3334 359 3398 per
389 3316 488 3399 longa
515 3319 700 3399 temporum
735 3319 842 3400 spatia
877 3321 1095 3381 commutatae
1134 3318 1382 3400 castigataeque

211 3424 291 3503 sint,
331 3427 369 3486 ut
409 3424 508 3486 sicuti
548 3424 634 3506 apud
668 3423 811 3488 Graecos
851 3442 894 3487 ex
929 3424 993 3487 diis
1028 3423 1235 3487 naturalibus
1272 3425 1383 3488 ethica

210 3531 347 3594 numina
371 3531 547 3593 evaserint.

298 3636 391 3701 Idem
414 3639 450 3699 in
472 3635 600 3699 Rheam
624 3634 783 3715 Cybelam
807 3637 909 3719 cadit,
938 3638 979 3700 de
1005 3639 1099 3701 ouius
1122 3638 1256 3701 nomine
1283 3657 1385 3720 quae·
1424 3721 1425 3724 Ἴ

211 3745 286 3810 dam
309 3745 361 3807 his
386 3743 591 3825 subiungam,
618 3761 693 3805 cum
716 3744 875 3806 nonnulla
900 3748 1052 3828 exparte
1068 3742 1194 3807 Dianae
1211 3745 1385 3809 simillima

162 3989 163 3993 ,
284 3938 305 4008 ¹)
324 3939 388 3994 Tac.
407 3939 459 3992 An.
478 3937 514 4000 11,
533 3934 575 4002 62,
595 3936 629 3991 cf.
647 3937 778 3992 Movere
797 3938 824 3993 d.
842 3936 946 3992 Phoen.
965 3939 986 4004 Ι,
1005 3956 1032 4007 p.
1052 3937 1112 3993 626.

284 4025 306 4095 ²)
326 4028 377 4082 Die
402 4026 540 4096 persische
565 4025 689 4080 Anahita
710 4027 777 4080 oder
793 4025 915 4093 Anaitia‚
941 4026 1080 4081 Ahhandl.
1104 4026 1154 4081 der
1176 4024 1386 4096 philea-philo·

211 4117 319 4273 ¹⁰⁸¹⁵3,¹¹
321 4133 359 4261 1.
378 4113 828 4270 tttdttfftttttttt
838 4114 1266 4273 ttttzllt..l¹.tot.t
1269 4114 1386 4259 56ἒέ1

211 4295 308 4362 schaft,
327 4295 428 4362 XXVI,
447 4312 474 4365 p.
493 4294 545 4349 633
564 4311 604 4361 sq.

285 4381 306 4453 ⁴)
327 4384 360 4441 cf.
379 4383 480 4440 Herod.
499 4384 520 4451 I,
541 4385 600 4438 131.
637 4381 935 4450 Windischmann,
954 4382 973 4437 l.
992 4382 1011 4439 l.
1029 4399 1057 4451 p.
1077 4378 1128 4434 102
1146 4397 1186 4449 eq.
