2872 4868
767 213 810 276 30

682 303 894 310 —-—-—-·——-.—-

205 430 334 490 rentem
357 426 481 492 lunaris
505 427 687 508 solarisque
712 427 905 510 splendoris,
929 427 963 490 in
992 443 1056 505 quo
1076 423 1185 488 Diana
1210 428 1245 487 et
1258 423 1370 506 Apollo

203 533 299 614 quasi
332 533 517 598 residentes
554 551 590 598 ee
623 533 833 616 praeberent,
867 533 997 616 poetico
1028 531 1202 596 finxenant
1235 532 1370 613 ingenio.

204 638 320 720 Itaque
337 638 480 721 Asteria,
503 657 572 704 nox
596 640 705 705 stellis
720 643 845 722 ornata,
868 638 1016 704 latonae
1040 656 1131 702 soror
1154 633 1369 716 habebaturb.

203 746 266 810 Vel
295 743 371 810 Non
401 744 464 810 dea
490 745 564 828 ipsa
591 743 718 810 Dianae
750 745 982 810 nominabatur
1014 739 1174 829 mater2),
1211 744 1309 808 cuius
1336 744 1370 808 do
1423 744 1430 796 ⁵?

1420 425 1430 486 s

1421 541 1430 611 l

1421 657 1430 717 Ι

1423 753 1430 806 Ι

204 857 335 934 natium,
364 870 439 916 cum
461 870 482 913 a
505 848 612 918 Diana
634 870 719 933 quae
742 856 851 916 terrae
874 852 1047 931 noctisque
1071 850 1205 914 domina
1228 855 1290 932 ost,
1314 869 1371 914 noo
1424 871 1430 904 τ

204 958 314 1024 aliena
336 963 435 1038 esset,
459 958 647 1037 symbolum
670 959 705 1022 in
721 958 862 1024 Dianam
882 958 1040 1022 balatum
1053 961 1107 1021 est
1120 957 1223 1022 lunae
1241 959 1371 1040 signum.
1426 978 1430 1018 l

204 1063 311 1130 Diana
340 1065 430 1130 enim
456 1066 639 1147 posteriore
667 1069 816 1147 tempore
846 1066 882 1128 in
911 1066 990 1130 urna
1017 1065 1112 1146 quasi
1134 1082 1295 1148 praesens
1316 1063 1372 1127 dea
1427 1084 1430 1124 Ι

205 1171 402 1253 habebatur,
431 1189 497 1236 non
525 1172 604 1252 quia
631 1190 650 1234 e
678 1172 843 1254 principio
876 1172 970 1236 illius
999 1175 1116 1236 natura
1146 1172 1249 1234 lunae
1277 1173 1313 1234 ui
1343 1174 1372 1234 et
1429 1201 1430 1218 .

205 1279 379 1342 maiestate
412 1278 656 1358 continebatur,
687 1276 746 1342 sed
775 1277 864 1358 quod
894 1278 973 1340 luna
996 1278 1093 1358 quasi
1117 1279 1224 1340 noctis
1249 1279 1372 1361 signur'n

204 1384 260 1448 rol
283 1384 390 1448 noctis
413 1383 616 1449 moderatrix
639 1388 703 1448 est:
732 1403 800 1448 nor
822 1401 901 1446 vero
933 1401 1037 1464 aequo
1062 1402 1101 1447 ac
1128 1387 1219 1447 terra
1242 1390 1372 1450 naturae

205 1493 308 1556 totius
336 1491 517 1573 genitalem
539 1491 609 1554 uim
633 1489 913 1573 comprehendere
936 1488 1127 1573 putabamur,
1161 1508 1239 1553 cum
1264 1492 1374 1572 omnia,

206 1617 292 1680 quae
317 1600 480 1677 creantur,
504 1597 648 1681 caligine
671 1599 777 1681 primo
798 1597 919 1664 obruta
941 1598 1017 1662 sint.

297 1703 517 1786 Posteaquam
532 1703 574 1770 de
589 1702 669 1768 love
684 1708 720 1770 et
734 1702 862 1772 Latona
882 1704 986 1769 verba
1009 1703 1159 1785 fecimus,
1171 1757 1174 1762 .
1186 1704 1229 1767 ad
1244 1705 1373 1769 trabem

207 1814 265 1894 qui
297 1811 492 1895 perhibetur
521 1810 647 1876 Dianae
670 1811 905 1894 Apollinem
938 1815 1177 1876 convertemur.
1221 1810 1373 1888 Quaestio

209 1923 261 1984 est
292 1918 502 2002 difficillima,
533 1917 622 1984 unde
653 1916 779 1984 Dianae
801 1919 1035 2003 Apollinisque
1064 1918 1280 1983 necessitudo
1314 1923 1376 1984 orta

209 2027 262 2090 sit.
332 2024 482 2092 Primum
520 2025 655 2107 quidem
694 2028 822 2090 nonnae
862 2025 1045 2108 permultos
1084 2025 1258 2090 exstitisse
1298 2026 1376 2110 apod

209 2132 353 2200 Graecos
383 2133 491 2198 cultus
521 2131 883 2214 utriusque'numinis,
916 2131 976 2194 ubi
1004 2129 1142 2196 alterius
1174 2132 1272 2197 nulla
1300 2135 1376 2197 ratio

209 2235 432 2319 haberetur³).
476 2237 594 2320 Itaque
618 2240 798 2322 separatim
821 2238 899 2302 deos
923 2238 1133 2322 accipiendos
1148 2257 1233 2304 esse
1254 2259 1377 2321 censeo,

207 2363 316 2425 neque
352 2345 491 2408 alterum
526 2345 663 2408 alterius
695 2346 791 2425 qussi
823 2344 1004 2427 imaginem
1035 2345 1197 2428 praebere
1232 2347 1377 2428 arbitror,

209 2451 243 2516 id
267 2450 355 2531 quod
379 2447 413 2514 0.
436 2448 600 2515 Muellero
625 2447 668 2531 (d
691 2449 768 2514 Dor.
783 2448 810 2532 Ι,
834 2470 865 2533 p.
882 2449 958 2532 375)
981 2452 1116 2535 placuit.
1164 2452 1228 2516 Oui
1244 2453 1377 2519 difficile

209 2555 343 2638 quidem
367 2560 447 2637 erat,
471 2573 548 2620 cum
568 2555 710 2620 Dianam
725 2573 771 2619 ex
784 2556 952 2640 Apollinis
974 2562 1094 2622 natum
1117 2560 1188 2623 sola
1210 2563 1378 2645 explicare

209 2667 346 2728 conatus
380 2666 485 2745 xesset,
515 2671 655 2726 *causam
688 2663 873 2746 requirere,
909 2683 967 2727 our
1001 2664 1127 2729 femina
1162 2666 1316 2750 Apollini
1349 2669 1381 2731 in

209 2770 412 2836 mimeribus'
433 2770 533 2852 quusi
566 2770 726 2853 adjutrice
757 2789 839 2854 opus
869 2775 961 2835 esset
992 2789 1030 2835 ac
1064 2791 1123 2836 cur
1151 2771 1263 2838 Diana
1294 2776 1380 2838 virili
1429 2825 1430 2872 ,

209 2879 351 2960 quodam
374 2878 492 2943 babitu
516 2881 550 2942 et
570 2877 720 2942 moribus
741 2883 831 2944 esset
853 2879 1022 2942 instructa.
1057 2878 1187 2944 Deinde
1209 2875 1381 2965 utriusque
1429 2873 1430 2956 ἶ

209 2987 359 3050 numinis
381 2990 535 3050 naturam
558 3003 577 3050 e
600 2985 746 3050 esturmi
768 2987 815 3050 in‘
829 2985 983 3049 ethicam·
996 2987 1166 3050 notionem
1183 2985 1382 3054 Graecorum

210 3093 345 3174 ingenio
368 3093 529 3175 paulatim
545 3093 817 3157 ‘nmmormaoam
833 3111 908 3156 esse
922 3111 982 3176 pro
996 3098 1091 3158 corto
1114 3094 1286 3179 babemus,
1310 3115 1385 3161 mum*

213 3198 249 3261 in
272 3197 430 3280 Apolline
450 3197 619 3266 Genetore
645 3199 781 3280 anneo,
804 3198 923 3264 Nomio
932 3197 958 3281 4)
980 3201 1058 3264 aliis
1081 3202 1270 3266 naturalem
1293 3204 1383 3267 illam

212 3305 279 3368 vim
305 3305 377 3368 sina
401 3304 501 3368 dubii>
524 3307 739 3388 reperiamus.
774 3305 883 3369 Huius
907 3307 986 3372 vero
1007 3325 1095 3388 quae
1119 3309 1162 3371 sit
1189 3310 1383 3394 principalis

211 3413 338 3492 nabrra,
355 3410 569 3476 dubium'est
593 3410 756 3494 'Plerique
772 3414 919 3478 solarem
934 3414 1087 3477 nanneni
1102 3415 1136 3478 ei
1149 3413 1384 3497 tribuerunt⁵l,

213 3537 312 3600 quam
334 3518 470 3600 quidem
491 3537 537 3582 ex
561 3520 766 3602 omniparta
791 3519 934 3604 probare
957 3539 1023 3584 non
1052 3539 1235 3602 possumus.
1283 3523 1386 3588 immo

211 3627 309 3689 ineo
335 3626 497 3708 agenitelis
523 3625 688 3708 quaedum
718 3628 770 3690 ‘vis
799 3626 931 3690 videbun
963 3629 1074 3691 inesse
1106 3631 1140 3690 et
1167 3645 1208 3690 ea
1239 3631 1385 3711 quidem,

210 3737 296 3814 quae
319 3739 422 3796 sexus
444 3733 554 3797 virilis
578 3736 638 3813 est,
672 3741 773 3814 quare
799 3733 904 3798 etiam
928 3728 1075 3814 concep
1099 3734 1152 3796 vel
1178 3731 1312 3814 deaee}
1335 3739 1386 3802 vel

286 3933 307 4002 ¹)
326 3935 397 3991 Ibid.
416 3954 443 4004 p.
461 3934 505 3988 41.

222 4053 226 4057 ,
287 4020 406 4089 ²)Paus.
425 4025 458 4090 X,
478 4023 522 4088 38,
540 4027 564 4079 6.
602 4024 638 4078 cf·
657 4023 814 4088 (irenaeo,
833 4023 976 4092 symbol,
986 4023 1020 4090 ll
1039 4042 1067 4094 p.
1089 4025 1147 4079 185,

286 4109 491 4179 a)Welclres,
511 4113 607 4170 Theoi.
622 4111 704 4168 Gr.I
706 4130 759 4182 ..p
778 4111 829 4167 457
849 4129 895 4179 sq.

218 4231 221 4240 ·
275 4197 522 4266 stssciPreller'.
542 4202 631 4271 uytn
592 4200 728 4264 t.Grl·
744 4202 899 4271 plassq‘.
918 4200 1091 4268 (11ΙὶΙῶ6611]
1105 4203 1390 4273 mummium&

212 4287 327 4344 minime
345 4289 495 4358 perspexit.
582 4323 586 4330 ·

288 4375 496 4444 ⁵)Welcker,
517 4379 535 4432 Ι.
554 4379 573 4434 Ι.
592 4378 613 4446 Ι,
633 4396 659 4446 p.
679 4378 730 4432 457
749 4397 789 4448 eq.
827 4379 978 4444 Preller,
997 4379 1025 4434 l.
1036 4380 1054 4434 Ι.
1073 4380 1140 4450 Lp.
1161 4379 1220 4437 188.
