2872 4868
627 298 666 358 11

67 496 252 566 excelsam’
277 503 373 568 deam
395 508 560 570 nominari
584 513 729 591 apparet,
759 510 852 572 euius
874 510 925 572 rei
947 527 1069 572 novum
1094 510 1227 572 exalia

46 613 148 692 parte
172 611 318 692 petitum
342 613 462 678 addere
484 633 619 697 possum
643 620 881 698 argumentum,

145 714 305 781 Semitioa
334 720 524 784 Artemidos
552 724 661 793 versio
691 724 922 804 antiquissima
957 720 1080 786 tradita
1109 725 1160 784 est
1190 723 1227 785 in

50 823 113 887 illo
144 825 319 888 notissimo
343 825 629 893 Semiramidis
659 831 801 893 nomine.
848 827 1019 912 Significat
1047 829 1136 892 enim
1158 826 1227 891 llo-

50 932 166 994 111110
192 935 325 995 auctore
349 933 401 1015 (de
422 933 545 998 Phoen.
562 934 588 1015 Ι,
611 956 643 1018 p.
661 935 739 1018 634)
764 934 922 1009 mittini?
941 925 1146 999 ‘altitudinis'
1170 935 1224 997 vel

55 1029 257 1100 ‘maiestatis
288 1033 416 1103 nomen'
442 1039 515 1121 (111
549 1040 707 1106 Semitice
738 1044 820 1105 item
851 1042 938 1123 quod
965 1033 1116 1122 ‘nomen'‚
1151 1049 1225 1111 rim

54 1135 186 1225 ‘altum
211 1139 383 1229 sublime),
409 1150 503 1211 cuius
526 1149 680 1212 vocabuli
703 1139 739 1212 in
757 1148 1014 1213 conforrnatione
1029 1149 1139 1212 versio
1154 1148 1227 1230 ipsa

53 1252 200 1315 indicari
223 1252 361 1317 videtur.
406 1253 550 1319 Semitae
574 1257 676 1338 igitur
699 1256 803 1338 deam,
827 1274 925 1337 quam
949 1255 989 1318 ab
1014 1255 1125 1319 Aricis
1149 1272 1227 1337 gen·

52 1357 146 1421 tibus
172 1359 296 1422 cultam
319 1361 492 1444 videbant,
523 1381 583 1426 sua
606 1362 748 1427 dialecto
772 1362 971 1426 Semiramin
994 1346 1148 1425 accurata
1170 1380 1227 1424 no-

52 1467 157 1528 minis
182 1468 335 1553 11111011
358 1467 448 1532 iacta
470 1470 706 1553 nuncupabant
736 1489 873 1551 eamque
900 1470 1061 1553 paulatim
1091 1487 1229 1532 consue-

54 1571 196 1634 scebant
217 1577 335 1656 putare
358 1577 507 1658 reginam
531 1578 817 1659 oputentissimam
841 1577 1004 1658 quondam
1027 1576 1140 1639 fuisse.

147 1677 202 1741 Sic
226 1682 391 1762 utrimque
417 1687 450 1745 et
467 1681 806 1766 ex·Indogermanicis
831 1689 864 1747 et
887 1682 1087 1747 eSemiticis
1103 1682 1227 1764 linguis

54 1790 254 1868 argumenta
270 1789 476 1871 contulimus,
498 1794 535 1854 ut
551 1810 650 1872 quam
666 1793 840 1855 statuimus
853 1789 1043 1854 Artemidos
1058 1789 1227 1852 notionem

52 1893 204 1974 undique
229 1893 444 1962 firmaremus.
491 1895 556 1960 Sed
585 1899 741 1980 cogitatio
778 1917 907 1979 quoque
931 1899 1004 1979 ipsa
1026 1894 1227 1979 persuadere

51 1999 152 2064 nobis
185 2004 296 2083 potest
329 2021 389 2085 per
421 2022 457 2067 se
491 2006 698 2087 aptissimum
733 2023 807 2068 esse
832 2004 958 2068 Dianae
987 2002 1071 2066 illud
1099 2021 1227 2065 nomen.

53 2105 206 2170 Deorum
231 2109 320 2170 enim
342 2111 570 2175 usitatissimis
595 2111 871 2194 appellationibus
894 2111 1089 2193 plerumque
1105 2110 1141 2170 in
1155 2109 1230 2198 uni-

54 2232 194 2276 versum
221 2216 395 2279 numinum
421 2221 557 2281 naturas
581 2217 763 2301 significari
792 2221 919 2281 constat
940 2215 1036 2279 velut
1059 2210 1229 2274 Ποσειδῶν

56 2321 148 2384 nihil
176 2321 267 2384 aliud
296 2325 364 2386 nisi
388 2315 561 2388 ‘dominus'
585 2325 690 2406 audit,
721 2343 796 2387 cum
820 2344 839 2386 a
861 2323 929 2387 rad.
949 2326 1007 2406 pat
1028 2322 1049 2384 i.
1073 2339 1101 2384 e.
1125 2319 1228 2382 domi-

58 2428 136 2490 nari
169 2429 254 2492 illud
288 2430 490 2496 descendere
524 2433 807 2495 verisimillimum
845 2435 903 2494 est.
960 2429 1057 2494 (terte
1092 2428 1230 2491 deorum

54 2537 288 2619 proprietates
313 2557 397 2619 quae
418 2541 454 2602 in
470 2540 613 2603 decursu
626 2544 813 2623 temporum
829 2539 892 2602 diis
907 2538 1069 2621 paulatim
1087 2555 1106 2599 a
1121 2535 1230 2618 poetis

55 2642 245 2724 adscriptae
262 2648 347 2726 sunt,
370 2647 540 2709 nominum
557 2648 861 2728 antiquissimorum
877 2644 1136 2728 significationes
1153 2659 1229 2704 con·

53 2751 165 2814 tinere
199 2769 266 2814 non
299 2756 445 2834 possunt.
498 2744 706 2817 ‘Sublimem'
740 2756 852 2816 autem
887 2752 941 2814 vel
976 2739 1165 2814 ‘excelsam’
1201 2747 1231 2810 si
1352 2824 1353 2827 Ἴ

53 2857 274 2928 nominabant
311 2857 454 2924 Dianam
492 2861 528 2923 in
564 2848 757 2924 universum
791 2859 938 2922 divinam
976 2875 1014 2919 ao
1050 2855 1230 2919 coelestem

57 2963 224 3045 quandam
246 2969 399 3028 naturam
422 2967 481 3030 illo
504 2968 637 3029 nomine
667 2965 913 3049 significabant,
945 2981 1029 3043 quae
1054 2960 1170 3024 eadem
1193 2959 1229 3021 11

58 3061 189 3134 ‘Diana'
213 3074 311 3135 inest.

152 3177 358 3260 Quamquam
379 3179 549 3243 Persicam
578 3179 726 3261 linguam
754 3178 789 3241 11
817 3175 1006 3241 Artemidos
1035 3194 1233 3239 101111111-

60 3287 252 3370 plicandam
279 3289 501 3370 adhibuimus,
530 3292 641 3351 tamen
663 3286 835 3350 Persicam
867 3305 942 3350 eam
966 3303 1038 3349 esse
1061 3301 1230 3365 negamus,

59 3413 137 3458 cum
166 3385 376 3458 ‘Anchitam'
413 3395 508 3459 deam
542 3399 689 3458 nostram
725 3413 744 3456 a
776 3393 888 3458 Persis
924 3392 1124 3476 appellatam
1158 3408 1231 3454 esse

51 3502 211 3564 sciamus.
258 3499 324 3564 Sed
353 3502 529 3565 tribuerim
555 3501 699 3564 nominis
728 3501 891 3583 originem
927 3500 997 3563 illis
1032 3496 1232 3578 nationibus

59 3627 145 3689 quae
170 3627 214 3672 ex
236 3606 415 3674 Bactriana
434 3607 750 3692 Indogermanorum
773 3607 913 3690 pristina
936 3605 1015 3670 sede
1038 3620 1232 3687 progressae

57 3733 165 3796 usque
201 3715 243 3778 ad
277 3717 377 3778 maris
406 3716 536 3799 Aegaei
570 3734 642 3780 oras
672 3714 879 3778 babitabant:
916 3731 935 3774 a
963 3711 1082 3793 quibus
1113 3709 1231 3772 Graeci

59 3821 142 3886 deae
160 3841 288 3886 ‘nomen
311 3826 516 3904 exceperunt
545 3823 604 3886 illo
636 3821 776 3886 fortasse
799 3824 956 3903 tempore,
986 3836 1062 3881 cum
1087 3804 1233 3878 nondum

59 3929 96 3991 in
134 3927 302 4011 Europam
339 3930 538 4012 transgressi
575 3931 671 3992 iuxta
707 3929 842 3992 illorum
879 3925 975 3990 sedes
992 3945 994 3952 ’
1013 3922 1232 3987 morabantur.

61 4035 126 4100 Sed
160 4036 246 4099 illud
282 4055 410 4117 quoque
445 4053 576 4116 nomen,
612 4054 675 4115 quo
711 4038 808 4098 antea
843 4035 940 4098 deam
974 4030 1231 4115 appellaverant,

59 4142 203 4206 Dianam
226 4143 282 4206 vel
303 4137 445 4224 Διώνην,
470 4143 534 4206 1111
555 4143 666 4204 minus
689 4143 836 4225 vulgare,
867 4140 986 4204 Graeci
1008 4137 1233 4202 reservabant.
1325 4192 1328 4197 .

59 4249 179 4331 Itaque
209 4251 300 4311 recte
329 4246 480 4311 Stuhrius
513 4246 726 4329 (Geschichte
761 4247 820 4311 der
847 4245 1149 4329 Religionsformen
1177 4242 1235 4306 der

61 4356 285 4421 beidnischen
311 4356 437 4419 Volker
459 4353 502 4437 Π,
536 4375 567 4438 p.
597 4353 685 4435 226),
721 4354 806 4434 quod
841 4354 881 4416 de
916 4353 1105 4418 nominibus
1141 4351 1234 4414 dicit:

61 4467 117 4530 die
145 4462 308 4538 Artemis,
344 4462 398 4525 die
426 4463 461 4524 in
488 4461 572 4525 Rom
601 4461 649 4527 als
679 4459 787 4523 Diana
815 4460 913 4524 ihren
941 4461 1033 4524 alten
1057 4465 1238 4539 11111111,-
