2872 4868
548 279 760 375 „El-

67 494 233 577 religione
257 493 394 556 similes.
439 489 509 556 Nec
532 496 644 556 tamen
667 493 757 556 omni
779 495 927 574 tempore
946 492 1034 554 inter
1049 509 1085 555 se
1100 495 1238 574 pacatae

69 604 175 680 erant,
207 600 241 663 id
264 599 350 692 quod
373 598 499 662 bellum
523 598 709 678 Troianum,
739 599 826 680 quod
848 616 953 680 usque
977 597 1018 660 ad
1041 599 1240 662 internecio·

66 727 146 772 nem
169 708 268 770 unius
290 707 426 770 illarum
448 708 597 789 gentium
619 710 749 789 gestum
773 710 832 788 est,
857 707 937 769 satis
961 703 1170 768 demonstrat.

159 849 231 912 Iam
253 867 332 913 vero
357 868 433 913 oum
456 849 497 912 ad
520 849 612 913 illius
635 849 779 912 nationis
802 849 972 911 historiam
997 850 1087 911 recte
1108 848 1240 911 intelle·

67 957 212 1040 gendam
247 957 326 1019 sciri
359 975 498 1020 necesse
533 957 586 1037 sit,
622 976 706 1039 quae
738 955 883 1019 confines
917 955 1070 1018 nationes
1104 955 1238 1035 fuerint,

68 1063 268 1145 quibuscum
299 1064 532 1127 commercium
560 1064 722 1126 orientem
751 1080 867 1125 versus
890 1061 1031 1144 profecti
1054 1061 1238 1143 habuerint,

68 1171 110 1233 de
141 1171 195 1233 his
225 1188 354 1252 quoque
381 1168 480 1234 rebus
505 1171 666 1252 quaedam
692 1171 906 1252 praemittere
936 1169 1043 1232 liceat.
1089 1166 1238 1231 Primum

69 1278 165 1341 illam
180 1280 352 1358 rationem,
369 1297 434 1359 qua
449 1278 627 1342 orientales
643 1282 677 1342 et
689 1277 911 1341 occidentales
923 1275 1238 1358 Indogermanorum

69 1389 187 1469 gentes
204 1383 411 1467 dirimuntur,
433 1385 521 1447 haud
534 1384 736 1467 probandam
751 1402 825 1448 esse
840 1383 924 1447 duco
939 1381 1008 1446 Ich.
1020 1381 1239 1446 Schmidtium

68 1492 138 1574 (die
161 1492 688 1557 Verwandtsohaftsverhaltnisse
716 1493 775 1556 der
798 1491 905 1576 indog.
930 1489 1107 1573 Sprachen,
1133 1489 1238 1572 1872.)

69 1604 215 1683 secutus,
240 1602 334 1664 ornus
362 1601 507 1664 rationes
537 1600 643 1664 adhuc
670 1619 736 1664 non
761 1600 952 1663 debilitatae
974 1601 1059 1661 sunt.
1104 1597 1238 1663 Ernesti

70 1707 180 1772 Curtii
196 1708 236 1770 de
249 1706 387 1772 Ionibus
403 1709 577 1771 notissima
596 1708 706 1791 opinio
725 1707 791 1788 (die
803 1705 902 1770 Ioner
919 1725 977 1770 vor
994 1706 1053 1768 der
1068 1706 1241 1770 ionisohen

16 1845 17 1850 κ
64 1805 295 1898 ¹Wanderung,
315 1812 422 1896 1855),
438 1817 495 1897 qui
510 1813 626 1879 Ionum
642 1819 780 1898 partem,
797 1834 872 1877 cum
888 1812 1008 1876 Graeci
1024 1814 1059 1875 in
1074 1812 1241 1895 Europam

67 1923 261 2002 traicerent,
284 1923 320 1985 in
340 1922 423 1985 Asia
446 1941 531 2003 quae
554 1923 677 1985 dicitur
699 1923 826 1985 minore
850 1902 1049 1984 remalrsisse
1067 1920 1240 1998 coniectat,

69 2047 113 2092 ex
144 2028 261 2092 eadem
289 2030 487 2112 cogitatione
515 2033 594 2092 nata
624 2029 763 2092 videtur.
809 2025 925 2110 Neque
957 2029 1063 2091 solum
1086 2025 1241 2108 Indoger·

67 2153 189 2199 manae
218 2139 335 2218 gentes
366 2137 454 2199 inter
483 2155 518 2199 se
548 2134 778 2214 cohaerebant,
812 2134 871 2197 sed
898 2135 957 2199 illo
988 2135 1054 2196 iam
1081 2138 1240 2217 tempore,

69 2261 147 2304 cum
176 2242 281 2323 sedes,
311 2262 394 2324 quae
424 2245 459 2305 in
489 2241 667 2305 Bactriana
697 2244 786 2304 terra
814 2240 921 2304 fuisse
946 2244 1113 2324 putantur,
1144 2240 1240 2305 modo

68 2349 295 2432 reliquissent,
335 2351 435 2413 etiam
468 2348 666 2412 Semitarum
700 2347 905 2429 aliarumque
944 2349 1116 2411 nationum
1149 2348 1242 2411 velut

68 2454 414 2538 Protochaldaeorum,
446 2458 503 2538 qui
531 2457 664 2540 proprio
695 2456 828 2519 nomine
856 2454 1007 2519 Accedes
1039 2453 1240 2536 Sumiriique

67 2561 334 2645 nominantur1),
350 2565 403 2626 ¹in
437 2563 578 2626 confinio
609 2567 711 2626 erant.
764 2562 830 2625 Vel
857 2563 1047 2645 nuperrime
1078 2561 1242 2625 Krichen-
1335 2631 1337 2635 .

68 2665 246 2752 bauerus2)
260 2669 460 2733 Graecorum
475 2671 617 2733 maiores
628 2671 664 2732 in
681 2669 799 2733 Cilicia
812 2668 898 2732 etad
914 2673 1059 2732 montem
1072 2668 1241 2752 Argaeum

71 2777 108 2839 in
140 2776 349 2860 Cappadocia
377 2778 546 2841 habitasse
576 2778 752 2860 astrologia
786 2779 879 2840 nisus
914 2781 1066 2841 accurate
1101 2777 1241 2860 probare

53 2888 213 2948 ¹conatus
242 2889 301 2948 est.
354 2884 450 2948 Certe
480 2882 600 2947 Graeci
627 2885 698 2947 fere
723 2883 854 2970 nullam
888 2884 1021 2947 illorum
1055 2888 1242 2965 temporum

68 2992 267 3061 memoriam
290 2992 475 3055 servabant.
522 2989 667 3055 Semitae
690 2992 839 3072 linguam
864 2993 896 3053 et
919 3007 1026 3052 mores
1041 2987 1241 3052 Graecorum
1277 3067 1279 3071 Ι

71 3099 355 3181 finitimarumque
384 3100 554 3161 nationum
582 3098 641 3161 illo
664 3101 812 3179 tempore
838 3099 926 3160 certe
950 3094 1143 3159 inficiebant
1167 3114 1242 3159 cum

73 3208 109 3269 in
132 3207 217 3270 Asia
239 3210 310 3269 tum
332 3207 368 3268 in
392 3205 542 3269 omnibns
566 3199 667 3267 maris
687 3203 923 3267 Mediterranei
945 3203 1094 3286 partibus
1117 3222 1243 3267 merca·

71 3317 182 3377 turam
205 3313 377 3376 facientes.
422 3310 623 3375 Perversum
649 3317 761 3374 tamen
789 3315 840 3374 est
868 3330 911 3375 ex
941 3312 1096 3395 Aegypto
1125 3315 1241 3395 putare

74 3419 154 3484 deos
180 3424 213 3483 et
236 3424 323 3502 artes
345 3421 381 3482 in
399 3417 573 3482 Graeciam
595 3419 788 3502 pervenisse
799 3413 833 3501 ³),
857 3437 921 3500 quo
944 3419 1092 3502 singulos
1114 3422 1243 3480 tantum

72 3527 217 3590 advenas
242 3545 285 3590 ex
308 3527 461 3610 Aegypto
489 3525 654 3609 profectos
685 3526 852 3608 appulisse
881 3525 1019 3588 concedi
1044 3527 1154 3608 potest
1180 3541 1242 3586 nec

72 3638 187 3697 tamen
209 3634 342 3697 natione
366 3633 560 3716 Aegyptios
586 3633 644 3696 sed
668 3635 725 3694 aut
743 3630 883 3695 Semitas
908 3636 964 3694 aut
986 3631 1242 3715 Indogermanos

71 3742 174 3824 ipsos,
199 3741 255 3821 qui
279 3744 375 3803 antea
398 3738 589 3823 Aegyptum
612 3739 752 3803 fortasse
776 3759 795 3801 a
814 3738 1015 3802 Graecorum
1033 3736 1240 3814 examinibus

74 3847 234 3910 declinati
258 3851 314 3909 aut
336 3846 545 3929 stipendiarii
567 3850 797 3930 pervenerant.

150 4090 170 4159 ¹)
190 4093 234 4149 rr.
253 4093 472 4160 Lenormant,
491 4091 542 4146 Die
560 4091 691 4161 Anfdnge
709 4092 759 4146 der
777 4090 880 4156 Cultor,
901 4089 977 4157 1875,
996 4089 1009 4144 Ι
1027 4109 1054 4160 p.
1074 4089 1108 4144 72
1126 4107 1166 4159 sq.

149 4180 171 4247 a)
192 4182 352 4252 Theogonis
369 4183 427 4238 und
444 4182 627 4247 Astronomie,
647 4179 724 4247 1881,
743 4200 771 4251 p.
791 4182 839 4236 181
858 4198 900 4248 sq.

150 4269 171 4340 3)
189 4271 234 4326 Sic
246 4271 426 4339 Mercklin,
444 4271 537 4326 Ueber
555 4271 610 4325 den
622 4269 739 4326 Einflusa
757 4272 805 4326 des
820 4269 929 4326 Oriente
947 4269 997 4324 auf
1012 4270 1062 4324 das
1073 4267 1244 4338 griechische
1338 4273 1339 4278 ’

73 4361 250 4426 Alterthum‚
278 4358 360 4415 1851.
415 4361 491 4416 Artis
525 4360 728 4430 Aegyptiacam
761 4360 899 4430 originem
933 4358 1031 4414 statuit
1064 4356 1245 4418 Thiersch‚

74 4449 210 4522 Epochen
228 4448 277 4502 der
294 4447 383 4506 Kumt
400 4451 447 4506 bei
465 4451 521 4505 den
539 4448 686 4516 Grieehen,
706 4447 784 4506 1829.
