2872 4868
526 266 739 362 „⁴1⁹-

45 479 160 538 menta
184 479 264 538 tuno
291 480 369 540 nota
399 477 582 559 composuit
605 475 641 540 Ε.
666 474 896 560 cornardus).
940 476 1083 541 Posthac
1107 497 1221 542 earum

44 583 234 666 imaginum
256 601 413 647 numerus
436 584 534 648 valde
558 589 673 648 auctus
698 590 757 667 est,
781 604 920 667 quorum
935 567 1222 649 monumentorum

45 689 203 772 exempla
227 690 623 773 compluraBerolinensi
645 694 682 755 in
704 711 818 756 museo
834 694 927 775 regio
945 689 1218 772 conservantem).

44 793 121 860 Nox
144 815 225 860 vero
251 817 269 860 a
291 800 398 880 poetis
421 800 558 882 pinnata
582 799 796 883 cogitabatur,
822 819 886 881 qua
909 799 950 862 de
974 818 1010 863 re
1026 798 1221 881 Euripidem

44 903 198 967 conferas
226 905 262 967 in
293 902 409 969 Oreste
443 908 483 989 (v.
509 909 570 970 176
599 901 805 988 κατάπτερος)
838 911 871 970 et
899 908 1158 990 Aristophanem
1184 909 1221 969 in

44 1011 178 1074 Avibus
203 1011 243 1092 (v,
261 1012 325 1074 695
348 1003 372 1096 ἡι
392 1005 644 1094 μελανόπτερος),
683 1012 769 1076 Alae
791 1015 859 1076 iem
881 1033 960 1078 vero
983 1017 1114 1077 nostrae
1138 1014 1219 1076 deae

44 1117 239 1180 simulacris
273 1117 404 1180 additae
433 1122 591 1181 nontam
618 1120 850 1200 pernicitatem
880 1138 994 1183 cursus
1024 1119 1221 1203 significant,

44 1244 147 1306 quam
179 1224 342 1287 condendi
370 1223 578 1307 facultatem,
610 1225 696 1306 quod
729 1244 796 1289 nox
824 1229 982 1307 tanquam
1013 1226 1074 1290 alis
1097 1230 1221 1289 terrem

41 1332 168 1414 premit
192 1336 226 1394 et
248 1326 397 1412 tueturss).

133 1436 288 1518 Denique
322 1439 417 1519 quasi
455 1439 617 1520 optimum
654 1438 753 1503 lunae
786 1438 973 1519 symbolum
1007 1435 1219 1522 mythologi4)

44 1563 163 1608 arcum
193 1549 227 1608 et
255 1546 391 1628 sagittas
423 1563 496 1608 esse
526 1548 711 1626 autumant,
744 1546 864 1628 quibus
892 1545 978 1609 radii
1006 1545 1105 1608 lunae
1133 1546 1220 1609 haud

42 1653 156 1714 minus
186 1671 225 1714 ac
257 1653 336 1714 solis
373 1651 610 1735 significentur.
662 1652 800 1716 Minime
833 1654 918 1716 hanc
950 1653 1093 1715 telorum
1120 1653 1222 1715 inter·

41 1759 269 1844 pretationem
291 1757 431 1840 probare
455 1778 605 1841 possum:
629 1778 738 1840 neque
764 1761 851 1822 enim
876 1759 982 1821 solum
1006 1759 1136 1839 sagittis
1161 1758 1237 1825 sed.

44 1867 149 1931 etiam
181 1865 287 1928 hastis
318 1863 427 1928 Diana
459 1861 657 1948 utebatur⁵)‚
699 1867 754 1929 vel
787 1870 880 1930 scuto
912 1867 1074 1928 instructa
1110 1860 1219 1946 erat⁶)‚

44 1973 195 2053 denique
220 1971 368 2054 gladium
391 1968 567 2055 gerebat7).
592 1973 661 2034 ¹An
683 1973 767 2035 haec
791 1991 920 2054 quoque
941 1991 1034 2035 arma
1054 1971 1221 2034 radiorum

43 2081 201 2161 symbola
226 2079 325 2142 sunt?
371 2077 476 2143 hnmo
507 2083 632 2142 armata
660 2080 690 2142 si
713 2077 820 2142 Diana
847 2079 996 2162 fingitur,
1027 2077 1222 2141 bellicosam

45 2188 197 2271 speciem
222 2187 296 2248 sine
320 2186 388 2249 ullo
413 2186 512 2249 dubio
536 2184 687 2268 praebet,
712 2204 777 2267 qua
800 2186 840 2247 de
864 2203 901 2248 re
924 2184 1011 2246 infra
1035 2185 1222 2246 accuratius

23 2279 218 2357 disseram.
282 2292 465 2356 Auctorem
506 2311 584 2355 vero
626 2292 858 2374 gravissimum
896 2291 1081 2354 sententiae
1119 2309 1223 2372 meae,

46 2402 187 2484 sagittas
204 2419 269 2461 non
286 2417 359 2462 csse
374 2399 494 2478 radica,
509 2417 624 2461 rursus
637 2398 772 2460 laudare
785 2416 919 2480 possum
933 2395 967 2459 Ο.
981 2391 1221 2480 Misellerumss),

45 2510 144 2573 cuius
180 2525 284 2589 sagax
317 2506 489 2588 ingenium
522 2524 638 2568 verum
669 2506 782 2568 sensit.
839 2502 956 2587 ltaque
990 2504 1053 2567 hoo
1081 2492 1222 2587 signum,

45 2617 188 2698 sagittas
214 2616 248 2675 et
271 2631 384 2675 arcum
409 2612 497 2693 dico,
522 2612 620 2675 lunae
645 2610 796 2692 'symbola
820 2630 893 2674 esse
916 2610 1105 2694 negandum
1127 2609 1223 2673 nobis

46 2727 107 2803 est,
134 2719 223 2802 quod
247 2738 290 2782 ne
315 2719 453 2801 cogitari
482 2719 614 2800 quidem
637 2722 760 2800 potest,
792 2737 867 2781 oum
889 2717 997 2780 Diana
1019 2736 1085 2779 non
1108 2715 1222 2778 Lunae

44 2829 106 2891 sed
128 2825 246 2890 Noctis
270 2826 399 2909 species
424 2827 483 2888 sit:
515 2825 621 2888 noctis
640 2844 730 2888 ¹vero
754 2824 862 2888 radios
887 2843 967 2886 sana
992 2830 1102 2886 mente
1125 2840 1222 2884 nemo

44 2933 249 3015 intellegere
271 2935 388 3015 potest.
467 2927 476 2961 ⁸

138 3037 309 3102 Summam
346 3039 448 3119 igitur
486 3039 585 3100 huius
625 3037 743 3120 capitis
790 3035 989 3098 concludere
1034 3052 1221 3119 possumus:

43 3149 178 3212 Dianae
209 3149 361 3208 naturam
390 3145 606 3229 principalem
640 3163 658 3207 e
686 3142 800 3208 Lunae
830 3143 966 3205 numine
995 3141 1222 3205 deducendam

122 3376 143 3445 ¹)
164 3375 332 3444 Archbolog.
351 3375 439 3444 Zeitg.
460 3373 535 3440 1854,
555 3374 612 3429 tab.
631 3373 744 3428 61-63.

122 3465 144 3531 ²)
166 3465 200 3519 cf.
228 3466 324 3519 cistam
352 3465 514 3519 Thebanam
542 3464 657 3518 fictilem
684 3463 905 3530 antiquissimam
938 3459 1054 3527 (invent.
1081 3480 1108 3515 n.
1134 3457 1223 3527 2657),

44 3573 168 3612 aeneam
193 3555 311 3624 figuram
337 3553 376 3622 (n.
400 3554 492 3618 2153),
517 3553 617 3606 deinde
635 3551 750 3606 fictilem
776 3549 814 3619 (n.
835 3547 929 3615 7200),
954 3566 1020 3604 vasa
1038 3567 1064 3604 n.
1084 3549 1145 3610 541,
1164 3549 1224 3613 542,

29 3647 174 3720 ,denique
194 3643 342 3714 Olympiae
360 3645 501 3713 repertam
519 3642 644 3697 tabulam
663 3657 779 3696 aeneam
798 3639 862 3705 (cat.
881 3658 908 3694 n.
929 3637 965 3704 1).

123 3732 145 3800 ³)
166 3732 211 3788 Sic
233 3732 289 3786 iam
314 3730 518 3795 Stiekelius‚
550 3730 584 3784 de
612 3730 717 3784 Dianae
744 3727 869 3782 Persicae
896 3727 1078 3782 monumento
1105 3723 1225 3778 Gracch-

43 3823 290 3896 wylian0,p.12.
328 3821 362 3876 ol.
381 3820 473 3887 Voss,
493 3819 580 3890 Epist.
598 3820 689 3888 Myth.
707 3818 742 3885 ΙΙ,
761 3836 789 3888 p.
809 3817 833 3870 6.
1291 3873 1293 3878 ,

122 3910 145 3979 ⁴)
167 3912 198 3967 0.
222 3911 357 3976 Miller,
385 3909 550 3963 Kunstarch.
576 3909 592 3975 ἐ
616 3909 675 3963 363.
718 3907 882 3969 Gerhard,
911 3905 1089 3965 Prodromus‚
1114 3920 1142 3972 p.
1166 3899 1225 3966 158,

43 4009 106 4064 not.
126 4004 170 4058 34.
554 4019 555 4024 ¹

124 4089 147 4161 ὅ)
166 4091 196 4145 P.
210 4091 244 4155 X,
257 4091 300 4154 38,
315 4089 360 4142 12:
380 4088 469 4154 σχῆμα
487 4079 516 4137 δὲ
535 4077 709 4152 (Ἀρτέμιδος
720 4080 839 4154 ἄγαλμα)
859 4077 1051 4148 ἀκοντιζούσης
1068 4076 1222 4149 acciperem

45 4187 82 4243 cf.
102 4180 273 4248 Archaolog.
294 4178 389 4246 Zeitg„
411 4176 487 4241 1849,
506 4193 533 4244 p.
553 4177 587 4229 65
606 4192 676 4243 sqq.,
694 4175 753 4232 tab.
771 4175 833 4228 VH.

123 4269 146 4339 6)
166 4270 197 4323 Ρ.
215 4268 263 4332 IV,
284 4266 326 4330 13,
349 4268 372 4320 l.

124 4360 145 4428 7)
166 4359 268 4413 Herod.
289 4354 363 4419 VIII,
382 4347 415 4410 77
423 4375 429 4408 :
445 4347 598 4422 Ἀρτέμιδος
611 4347 777 4419 χρυσαόρου.

123 4450 145 4520 ⁸)
166 4449 207 4503 Dc
226 4447 292 4501 Dor.
310 4442 331 4509 Ι,
349 4460 378 4511 p.
397 4443 457 4499 284.
