2872 4868
687 222 899 319 A„

208 456 307 519 quam
329 440 445 519 postea
466 435 549 500 Iuno
573 438 609 500 in
633 438 705 500 eius
728 438 838 500 locum
862 437 1032 519 supposita
1060 441 1120 518 est,
1147 435 1182 500 id
1205 437 1294 519 quod
1316 457 1375 501 non

97 549 102 552 “
208 546 281 608 sine
305 543 544 626 oppidanorum
570 543 717 607 tumultu
740 562 779 606 ao
802 543 966 608 seditione
994 542 1119 607 factum
1143 561 1218 608 esse
1241 544 1377 608 videtur.

205 647 291 714 Nam
317 649 433 714 Medea
457 649 613 713 Corintho
637 648 767 714 Thebas
778 646 803 732 1)
833 650 890 714 vel
912 644 1101 730 Athenas²l
1115 681 1116 686 1
1132 655 1166 714 et
1195 656 1315 733 postea
1343 652 1378 715 ad

206 759 295 841 ipsos
318 755 433 822 Medos
456 756 591 841 fugisse
606 756 721 838 fertur,
752 776 817 838 qua
842 757 977 838 quidem
1004 775 1041 820 re
1066 776 1172 839 aeque
1196 761 1297 840 atque
1326 759 1379 822 illa

206 864 247 928 de
282 866 551 948 Argonautarum
585 864 799 948 expeditione
835 864 949 930 fabula
984 865 1064 928 satis
1100 863 1267 928 declarari
1301 866 1380 928 mihi
1414 848 1415 851 ¹

206 971 340 1036 videtur
368 970 504 1036 Graecis
540 973 793 1054 antiquissimae
828 973 977 1055 ipsorum
1009 972 1183 1054 religionis
1218 973 1381 1056 originem

205 1098 281 1142 cum
305 1080 520 1143 orientalibus
545 1079 742 1162 quibusdam
757 1080 952 1145 nationibus
968 1097 1177 1143 communem
1200 1098 1235 1144 se
1260 1081 1380 1145 habere

206 1185 373 1268 quondam
395 1191 511 1250 notum
534 1186 647 1250 fuisse.

294 1290 367 1357 Iam
391 1312 472 1358 vero
503 1295 533 1358 si
564 1313 698 1362 oausam
728 1295 925 1378 respicimus
959 1294 1077 1358 harum
1106 1294 1380 1376 immolationum,

207 1401 310 1464 animi
333 1400 470 1465 humani
498 1401 766 1466 imbecillitatem
798 1403 905 1486 primo
937 1419 1076 1484 arguere
1107 1419 1296 1484 possumus,
1330 1402 1382 1484 qui

206 1512 319 1571 eontra
347 1507 483 1572 deorum
503 1510 728 1572 maiestatem
760 1527 799 1572 ao
832 1509 1040 1572 voluntatem
1074 1508 1161 1571 nihil
1196 1527 1233 1572 se
1270 1510 1380 1573 valere
1415 1561 1417 1568 ,

205 1614 420 1678 intellexerit.
480 1613 663 1698 Propterea
695 1616 785 1678 enim
819 1614 972 1679 homines
1006 1631 1066 1678 sua
1101 1618 1219 1696 sponte
1259 1616 1381 1699 optima

206 1739 336 1804 quaque
373 1727 407 1785 ot
437 1723 609 1786 carissima
638 1740 675 1785 re
707 1721 771 1785 diis
807 1721 960 1785 dedicata
992 1721 1048 1785 vel
1081 1721 1230 1803 ipsorum
1266 1723 1381 1788 liberis

206 1829 386 1892 immolatis
424 1847 566 1911 poenam
599 1828 707 1891 vitare
743 1827 963 1910 conabantur,
1003 1846 1087 1910 quae
1121 1827 1165 1891 iis
1199 1827 1318 1892 debita
1352 1833 1382 1892 et

206 1935 330 1999 morbis
362 1935 480 1998 aliisve
512 1932 661 1998 adversis
691 1934 792 1998 rebus
822 1935 924 1998 missa
955 1933 1139 1997 videbatur.
1188 1934 1274 1998 Cum
1305 1954 1382 2000 vero

207 2042 358 2106 homines
382 2041 508 2105 artibus
532 2042 721 2124 litterisque
745 2042 944 2112 eruditiores
966 2040 1051 2104 faeti
1074 2046 1195 2124 essent,
1220 2042 1303 2107 deos
1326 2044 1382 2106 illo

205 2149 331 2231 puerili
375 2153 468 2212 metu
513 2149 623 2212 oolere
667 2149 846 2213 desierunt.
907 2147 1069 2212 Maiorem
1113 2149 1203 2212 enim
1245 2149 1385 2214 deorum

206 2256 404 2319 elementiae
428 2254 585 2319 fiduciam
607 2257 698 2319 naoti
708 2251 732 2335 ³)
764 2260 798 2319 et
825 2274 900 2318 oum
929 2259 1139 2318 cruentarum
1167 2257 1385 2320 victimarum

204 2361 280 2424 illos
310 2380 376 2424 non
409 2362 545 2444 cupidos
577 2381 650 2426 esse
690 2362 756 2425 sibi
787 2363 1034 2445 persuasissent
1064 2363 1190 2426 cultum
1218 2365 1387 2447 paulatim

205 2467 247 2531 ad
284 2468 452 2550 mitigatos
491 2487 598 2534 mores
637 2468 884 2552 adaptavenmt.
947 2467 1030 2532 (ium
1067 2488 1147 2533 vero
1187 2473 1388 2534 memoriam

207 2574 342 2637 illarum
373 2592 485 2637 rerum
510 2580 777 2658 conservassent,
808 2594 923 2639 causas
952 2576 1147 2659 singulares,
1172 2575 1297 2658 quibus
1327 2577 1389 2640 illa

204 2679 353 2746 facinora
377 2685 586 2762 excusarent,
609 2681 787 2765 finxenmt,
811 2683 931 2765 quibus
954 2681 1056 2746 fidem
1078 2684 1216 2746 nimiam
1231 2683 1387 2748 tribuere

205 2787 327 2852 falsum
351 2784 445 2868 est4).

165 3007 169 3016 '
279 3021 299 3090 ι)
318 3023 398 3078 nior.
416 3022 442 3087 4,
462 3021 496 3076 54
514 3039 556 3089 sq.

278 3109 298 3177 2)
317 3111 397 3166 ovid.
415 3111 529 3165 Metam.
548 3111 609 3176 VII,
628 3113 680 3166 350
699 3128 739 3179 sq.

278 3197 299 3267 ³)
318 3200 359 3252 Ex
378 3199 534 3255 Ameilioho
553 3199 700 3255 Meiliehus
717 3200 806 3254 faetus
825 3204 875 3256 est.

277 3285 300 3354 ⁴)
319 3289 391 3344 Puta
409 3289 439 3344 P.
458 3289 493 3356 ΙΙ,
513 3288 538 3353 3,
558 3291 583 3344 7.
