2872 4868
624 268 665 332 39

49 484 236 544 sueverunt
259 478 410 562 Scythae.
442 479 506 557 Qui
531 501 606 546 cum
631 482 771 547 eandem
786 483 883 546 deam
900 483 1009 546 colere
1024 482 1226 563 viderentur,

50 605 154 669 quam
170 585 300 669 Graeci,
323 592 440 672 postea
454 588 666 673 Iphigeniam
684 608 702 652 e
719 587 858 653 Taurica
876 589 1079 654 Chersoneso
1096 590 1228 673 signum

50 711 91 757 ac
119 694 247 757 cultum
270 692 397 758 Dianae
421 697 572 760 attulisse
595 693 874 776 fabulabantur1).

141 798 215 864 lam
250 819 329 865 vero
361 802 484 878 fabulis
518 802 559 866 ad
589 801 743 867 Medeam
774 804 1021 887 pertinentibus
1055 804 1227 884 antiquum

51 904 183 970 Dianae
208 909 334 972 cultum
358 909 625 973 crudelissimum
649 910 831 994 significari
848 929 977 988 censeo,
1003 912 1059 992 qui
1077 909 1227 974 Corinthi

52 1013 220 1094 quondam
241 1014 398 1079 floruerit.
429 1015 548 1080 Medea
565 1019 654 1082 enim
670 1015 798 1081 Dianae
813 1019 868 1081 vel
883 1016 1031 1082 Hecatae
1047 1019 1227 1081 maximam

52 1120 310 1184 simihtudinem
343 1140 423 1202 prae
459 1141 495 1186 se
529 1121 604 1203 lert,
640 1142 742 1205 quare
775 1122 905 1187 Preller
941 1123 1056 1205 (Myth.
1092 1123 1148 1188 Gr.
1183 1122 1226 1206 ll,

48 1247 80 1311 p.
102 1228 167 1290 318
190 1226 270 1309 sqq.)
296 1247 370 1291 eam
392 1230 544 1292 lunarem
568 1230 664 1294 deam
689 1249 762 1294 ease
784 1231 921 1314 putavit.
967 1229 1093 1294 Nomen
1118 1232 1227 1314 ipsum

49 1334 172 1399 Medea
190 1326 413 1420 ‘cogitantem'
439 1335 605 1419 significat
628 1336 659 1418 (a
674 1336 740 1400 rad.
757 1330 917 1416 μήδεσθαι
931 1339 950 1400 i.
968 1357 994 1400 e.
1018 1329 1229 1416 βουλεύεσθαι

47 1443 107 1505 vel
137 1439 366 1522 μηχανᾶσθαι),
402 1442 496 1505 cuius
528 1443 637 1506 simile
668 1441 751 1505 illud
779 1443 992 1507 Aristobulae
1023 1461 1143 1506 nomen
1169 1447 1227 1506 est.

48 1548 182 1612 Deinde
200 1547 387 1611 Corinthios
404 1566 447 1612 ex
462 1547 552 1612 Iolco
567 1547 721 1613 Medeam
743 1550 779 1612 in
798 1563 938 1633 regnum
953 1568 1090 1614 vocasse
1106 1549 1229 1612 Pausa-

47 1657 125 1719 nias
132 1650 155 1735 2)
169 1653 280 1736 tradit,
294 1672 391 1734 quam
403 1654 550 1718 fabulam
560 1655 639 1720 inde
650 1659 756 1719 ortam
767 1675 840 1719 esse
851 1657 1000 1741 arbitror,
1014 1654 1228 1738 quodMedea

48 1761 195 1842 βασίλεια
219 1761 448 1842 cognominata
471 1761 635 1843 quondam
659 1762 771 1844 fuerit,
795 1762 881 1844 quod
902 1781 1085 1844 cognomen
1099 1760 1226 1826 Dianae

50 1868 233 1950 aliquoties
256 1869 323 1931 iam
345 1869 541 1932 notavimus.
573 1868 656 1932 Tum
679 1889 698 1932 a
721 1868 801 1934 Iove
817 1869 969 1933 Medeam
993 1873 1137 1933 amatam
1153 1887 1227 1932 esse

47 1975 241 2055 narrabant,
277 1993 375 2055 quem
404 1975 539 2057 quidem
562 1993 708 2039 amorem
729 1975 882 2040 Medeam
911 1980 1122 2059 aspernatam
1145 1993 1228 2058 esse,

48 2101 128 2145 oum
152 2079 290 2144 Iunonis
318 2082 527 2145 maiestatem
550 2086 730 2144 vereretur.
774 2081 848 2146 Hac
876 2083 989 2146 fabula
1015 2083 1109 2146 illam
1137 2079 1227 2146 lovis

49 2194 85 2252 et
110 2187 241 2251 Dianae
265 2189 461 2251 relationem
486 2187 668 2270 significari
692 2192 837 2272 apparet.

143 2294 227 2358 Cum
260 2312 339 2358 vero
375 2295 475 2357 etiam
511 2293 630 2358 Medea
666 2295 703 2356 in
738 2295 918 2358 sacerdotis
952 2313 1141 2377 personam,
1175 2296 1227 2359 uti

48 2401 242 2484 Iphigenia,
270 2401 404 2464 redacta
434 2405 535 2481 esset,
564 2401 651 2465 filios
681 2420 771 2483 quos
792 2403 828 2465 in
855 2402 965 2465 lucem
995 2401 1163 2482 edidisset,
1191 2403 1227 2465 in

48 2507 189 2573 lunonis
212 2508 337 2590 templo
361 2508 545 2571 occultasse
569 2508 742 2572 dicebatur
759 2499 860 2590 ‘quod
883 2528 1003 2592 nempe
1021 2510 1227 2574 immortales

48 2615 182 2679 futuros
207 2614 272 2677 sibi
295 2607 521 2697 persuaserat.
568 2614 616 2695 (P.
640 2616 660 2678 1.
676 2613 697 2678 l.
715 2614 778 2694 11.)
826 2616 941 2680 Altera
965 2616 1098 2679 fabulae
1121 2617 1227 2681 forma

49 2727 131 2804 erat,
162 2739 227 2802 qua
249 2720 387 2784 Medeae
413 2721 536 2785 liberos
561 2741 580 2784 a
603 2721 784 2786 Corinthiis
813 2724 979 2807 lapidibus
1007 2723 1116 2787 obruti
1139 2721 1228 2788 dice·
1310 2715 1311 2718 '

48 2823 218 2910 bantur³):
241 2829 342 2892 tertia
357 2827 510 2911 denique,
527 2848 592 2911 qua
606 2827 726 2892 Medea
741 2831 824 2913 ipsa,
845 2832 867 2894 i.
886 2849 913 2894 e.
930 2829 1057 2892 Dianae
1074 2831 1226 2893 sacerdos

49 2937 176 3000 liberos
194 2951 198 2961 ·
214 2931 453 3016 mactavisse4),
489 2934 530 2998 de
559 2953 624 3016 qua
651 2934 781 2998 Preller
816 2937 951 2998 adnotat
978 2926 1076 2997 ‘Eine
1100 2933 1228 2999 Ueber·

49 3042 229 3124 h'eferung,
261 3042 388 3105 welche
420 3041 475 3104 fttr
502 3042 589 3104 noch
617 3041 905 3105 alterthdmlicher
933 3043 1045 3125 gelten
1073 3041 1149 3105 darf
1177 3043 1226 3106 als
1265 3039 1268 3046 ’

50 3149 106 3213 die
130 3168 196 3212 von
227 3147 304 3211 dem
328 3146 415 3212 Tode
445 3149 504 3212 der
526 3147 656 3213 Kinder
685 3149 789 3212 durch
818 3149 871 3212 die
895 3142 1106 3213 Kerinthier'.
1152 3149 1228 3214 Una

50 3273 204 3337 quaeque
229 3256 347 3319 harum
369 3258 596 3320 narrationum
624 3256 751 3338 aliquid
777 3258 850 3320 veri
879 3259 1050 3322 continere
1080 3258 1228 3337 videtur,

50 3380 182 3426 summa
205 3380 285 3425 vero
310 3363 456 3425 omnium
481 3381 520 3425 ea
544 3366 603 3443 est,
627 3366 664 3425 ut
677 3362 810 3430 liberos
824 3363 976 3428 Corinthi
998 3365 1034 3427 in
1058 3364 1139 3436 deae
1162 3365 1228 3428 for·

48 3465 235 3534 midolosae
259 3469 418 3533 honorem
446 3469 631 3532 immolatos
656 3487 729 3533 csse
753 3466 962 3551 indicetur5).
1007 3469 1078 3534 Dea
1106 3475 1227 3554 autem,

50 3577 109 3640 oni
136 3575 368 3658 mactabantur
391 3574 501 3656 liberi,
526 3595 545 3638 a
567 3574 675 3640 Diana
697 3577 753 3640 vel
775 3577 913 3659 Hecate,
943 3577 1029 3659 quod
1052 3578 1186 3658 quidem
1210 3597 1230 3642 e

47 3682 191 3747 Medeae
215 3686 334 3746 natura
358 3682 505 3765 colligas,
528 3702 596 3746 non
619 3683 729 3746 aliena
752 3684 855 3746 fuerit
876 3701 1013 3746 necesse
1031 3687 1090 3766 est,
1115 3701 1230 3765 quam·

127 4015 149 4085 1)
169 4017 203 4072 cf.
221 4018 373 4084 Suchier,
391 4018 411 4074 1.
430 4016 448 4071 l.
468 4034 496 4087 p.
515 4017 557 4070 63.

126 4103 148 4172 ²)
168 4107 203 4173 Π,
222 4109 248 4173 3,
268 4108 311 4163 10.
347 4107 381 4162 ln
399 4106 458 4160 eiua
476 4107 575 4161 aedem
594 4122 683 4174 aeque
702 4110 786 4175 atque
804 4107 834 4161 in
860 4107 973 4161 deorum
999 4107 1096 4161 matria
1123 4107 1232 4175 templa

44 4196 204 4255 introitum
223 4197 289 4252 viria
307 4213 365 4252 non
383 4195 492 4250 licuisse
510 4195 668 4250 Macrobius
687 4193 754 4262 (Sat.
773 4196 795 4262 l,
815 4194 857 4259 12,
876 4193 921 4262 26)
939 4196 1034 4250 tradit.

126 4283 339 4352 MPMbb

126 4370 149 4438 ⁴)
169 4373 263 4442 Eurip.
282 4373 356 4429 Med.
376 4369 445 4428 1136
463 4389 504 4441 aq.

127 4458 149 4527 ⁵)
170 4460 205 4514 cf·
224 4461 448 4529 Schoemann,
466 4461 564 4530 Antiq.
583 4461 629 4517 Gr.
648 4461 683 4527 11,
702 4461 754 4517 515
772 4465 823 4530 sq?
