2872 4868
785 234 828 298 93

223 450 258 512 et
286 445 473 529 supplicare
501 451 756 528 consueverunt,
787 446 921 528 quade
949 463 987 508 re
1010 440 1206 527 Xenopho¹l
1235 444 1363 508 certiores
1398 502 1405 517 ,
1419 494 1433 519 ,

225 569 285 618 nos
300 552 390 632 facit,
413 552 500 634 qnod
515 553 743 618 testimonium
758 552 924 636 denegare
939 569 1005 622 non
1021 569 1206 634 possumus.
1240 549 1365 614 Fortasse
1396 604 1402 615 .

224 661 324 723 etiam
348 658 435 743 apud
449 660 674 724 Athenienses
697 660 753 723 hic
776 677 847 740 mos
864 662 944 741 erat,
969 676 1044 722 cum
1061 662 1138 722 ante
1153 656 1367 722 Marathoniam
1399 710 1422 735 ,‚

222 786 368 851 pugnam
382 765 418 830 id
432 766 557 832 factum
574 785 647 832 esse
664 768 817 832 sciamus.
847 760 1038 848 Narratur‘)
1056 766 1146 830 enim
1162 764 1366 848 polemarohos

223 872 350 937 Dianae
385 877 462 939 ante
492 893 585 938 arma
618 877 771 940 conserta
801 875 993 958 supplicans
1023 873 1156 937 vovisse
1189 875 1240 936 tot
1271 871 1368 934 hostias

225 980 308 1044 dese
324 998 361 1044 so
376 984 596 1044 mactaturum
611 999 697 1057 esse,
712 982 742 1048 si
757 981 983 1046 Athenienses
998 979 1170 1062 vicissent,
1188 982 1270 1060 quot
1283 978 1368 1041 hostes
1401 1024 1434 1059 ,.,

224 1085 500 1150 interficerentur.
539 1086 622 1151 Cum
644 1106 723 1152 vcro
745 1091 840 1151 tanta
862 1088 1007 1152 hostium
1021 1085 1201 1151 Persarum
1220 1082 1370 1149 multitudo
1409 1138 1417 1161 ,

224 1193 415 1274 cecidisset,
440 1197 595 1276 quantam
619 1194 817 1277 hostiarum,
844 1212 964 1278 nempe
989 1209 1177 1278 caprarum,
1207 1207 1370 1276 comparare
1403 1242 1430 1271 ,,,

222 1317 289 1363 ιιοιι
311 1303 501 1383 potuerunt,
535 1301 794 1365 anniversariam
824 1301 1065 1385 quingenanrm
1093 1317 1271 1385 caprarum
1298 1296 1371 1362 sacri-
1405 1344 1434 1375 ,

223 1403 412 1470 ficationem
435 1409 685 1491 constituerimt,
710 1408 797 1490 quod
820 1410 869 1472 sic
890 1411 967 1473 vota
986 1427 1023 1472 se
1039 1407 1181 1472 solvisse
1197 1398 1371 1490 putabaotl.
1406 1454 1431 1481 ,,

224 1509 398 1596 Templum
419 1532 498 1578 vero
521 1512 663 1598 Dianae,
690 1514 750 1579 ubi
779 1515 1038 1579 sacrificationes
1062 1513 1241 1598 opulentae
1266 1512 1371 1587 fiebant
1409 1535 1434 1587 ,-

225 1637 326 1703 prope
348 1619 498 1684 Athenas
521 1621 557 1683 in
579 1640 663 1708 pago
678 1613 795 1704 ”Appos
818 1625 902 1704 erat,
930 1621 990 1686 ubi
1021 1621 1104 1686 deae
1135 1623 1247 1698 statua
1271 1618 1373 1702 sagitti-
1390 1673 1394 1682 .
1410 1664 1423 1695 ,

223 1725 294 1791 fera
317 1722 425 1806 erat4).

310 1831 440 1900 Deinde
452 1832 599 1898 fabulam
611 1835 838 1918 Aegiritarum
855 1852 1045 1918 comparare
1058 1829 1181 1915 lioot⁵),
1200 1835 1259 1916 qui
1271 1832 1375 1896 Dianae
1418 1851 1434 1908 ¹,

226 1940 410 2023 Agroterae
433 1940 595 2022 templum
619 1941 844 2022 condiderunt,
868 1941 955 2024 quod
979 1959 1020 2004 ea
1035 1940 1199 2003 adiutrice
1216 1938 1378 2022 Sicyonios,
1406 2011 1407 2016 ¹

226 2048 283 2128 qui
307 2055 420 2110 contra
434 2047 593 2129 Aegiram
616 2047 759 2130 profecti
781 2052 885 2130 erant,
910 2065 1106 2129 quamquem
1124 2047 1272 2110 invictos
1287 2050 1381 2110 tameo
1430 2083 1434 2126 ,

221 2153 417 2237 imperfecta
439 2173 476 2217 re
499 2155 681 2219 recessisse
704 2155 873 2238 putabant.
911 2151 995 2218 Pum
1017 2151 1193 2235 Olympiae
1208 2154 1245 2216 in
1262 2168 1381 2217 nemore

222 2279 315 2324 sacro
344 2263 421 2324 ante
453 2260 565 2324 curiae
594 2259 682 2324 foras
705 2259 833 2324 Dianae
855 2260 1040 2344 Agrcterac
1068 2279 1124 2323 ara
1148 2255 1269 2342 crath,
1301 2275 1384 2342 quan
1416 2331 1417 2334 Ἴ

223 2370 313 2430 certe
336 2383 402 2429 non
426 2365 466 2428 ad
488 2367 694 2430 venatricem
717 2367 827 2450 deam,
852 2366 911 2430 sed
933 2365 976 2430 ad
999 2367 1247 2430 contionantem
1273 2370 1308 2430 et
1327 2353 1408 2429 bel?

222 2472 347 2534 lantcm
373 2471 499 2536 referre
527 2472 696 2536 debemus.
741 2473 921 2537 Praeterea
948 2471 1093 2556 Megaris
1124 2471 1241 2536 fanum
1270 2472 1386 2536 Dianae

221 2577 406 2661 Agroterao
430 2582 463 2642 et
484 2578 654 2661 Apollinis
676 2578 801 2661 Agraei
830 2583 913 2663 erat,
944 2580 1032 2661 quod
1054 2579 1239 2642 Alcathous
1264 2577 1388 2662 Pelopis

221 2684 326 2766 filius,
354 2702 430 2748 oum
452 2685 583 2748 leonem
608 2683 856 2749 Cithaeronium
879 2689 1045 2767 necasset,
1075 2687 1288 2750 exstruxisse
1311 2685 1388 2749 fero·

222 2785 357 2872 sature.
408 2790 491 2856 (lum
521 2809 601 2857 vero
630 2792 825 2875 Alcathous,
856 2795 914 2874 qui
942 2811 986 2856 ex
1013 2791 1110 2856 Elide
1138 2797 1296 2874 venerat,
1325 2794 1390 2877 post
1433 2787 1434 2790 ’

222 2897 373 2982 Megarei
394 2899 483 2982 regis
505 2901 647 2963 mortem
669 2917 780 2963 rerum
803 2901 928 2983 pctItus
951 2904 1054 2978 esset,
1082 2899 1246 2982 templum
1269 2898 1389 2963 Dianae

222 3006 307 3068 mihi
335 3004 470 3086 quidem
499 3004 539 3069 ob
568 3006 654 3070 hano
680 3004 768 3071 bene
796 3010 924 3090 gestam
946 3025 1018 3071 rem
1042 3005 1231 3070 condidisse
1254 3007 1390 3087 videtur,

224 3113 333 3176 minue
359 3114 495 3194 propter
521 3111 652 3176 leonem
679 3112 907 3195 interfectum,
937 3113 967 3178 si
994 3114 1127 3178 omnino
1154 3111 1210 3176 illi
1232 3112 1275 3177 de
1301 3114 1390 3178 leone

223 3215 359 3282 fabulae
379 3216 462 3281 fides
482 3216 635 3282 habenda
658 3222 716 3284 est.
754 3217 823 3285 Leo
840 3221 930 3288 enim
945 3218 1072 3286 Dianae
1088 3219 1248 3284 Victricis
1266 3221 1394 3304 signum

223 3321 356 3386 videtur
377 3321 492 3402 fuisse,
516 3341 618 3403 quare
641 3343 708 3402 non
726 3343 800 3390 raro
819 3327 856 3390 in
871 3327 1056 3390 occisorum
1071 3325 1218 3390 militum
1234 3327 1394 3410 sepulcris

223 3411 496 3512 imponebatur),
519 3448 584 3493 non
607 3429 682 3496 ideo
705 3433 847 3516 tantum,
871 3433 958 3514 quod
980 3431 1184 3498 fortitudinis
1209 3436 1245 3496 et
1268 3435 1394 3500 roboris

296 3697 411 3767 ¹)Hell.
429 3697 478 3763 IV,
496 3695 522 3762 3,
541 3697 584 3753 36.
621 3695 656 3752 cf.
674 3695 742 3753 ibid.
762 3697 823 3764 VII,
842 3691 867 3764 1,
886 3697 927 3752 34.

295 3785 317 3857 ²)
335 3788 474 3846 Plutarch.
484 3787 511 3842 d.
521 3786 623 3843 Herod.
632 3788 699 3844 mol.
713 3801 736 3842 c
746 3783 789 3843 33
811 3788 846 3843 of
859 3788 1079 3850 Schoemann,
1089 3786 1185 3854 Antiq.
1195 3783 1243 3842 Gr.
1253 3788 1283 3842 11
1284 3807 1329 3860 ,.p
1339 3785 1396 3844 473

266 3909 267 3912 =
296 3875 745 3946 8)61.Αι’1ικιρ1ι.]1(ιιι.ι.663.

294 3963 405 4034 4)Ρ.1,
427 3967 468 4034 19,
487 3967 511 4021 6

296 4053 365 4122 ⁵)P
384 4055 446 4118 VII,
464 4054 507 4120 36,
527 4055 551 4110 3.
573 4056 613 4110 11.

295 4140 367 4212 ⁶)P.
386 4142 420 4211 V,
440 4144 482 4209 15,
501 4144 525 4198 8.

296 4230 366 4300 7)Ρ.
384 4231 406 4299 I,
424 4233 468 4300 41,
487 4233 535 4288 3-
541 4233 565 4286 6.

294 4318 316 4388 ⁸)
336 4321 414 4376 velut
432 4319 609 4376 Chaeroneae
627 4335 731 4385 corum,
750 4321 798 4388 qui
817 4321 914 4376 contra
932 4319 1095 4390 Philippum
1113 4287 1274 4389 pugnantes
1295 4325 1402 4380 cecide·

222 4416 293 4467 rant.
331 4411 365 4466 of.
384 4410 415 4464 P.
433 4410 482 4474 IX,
506 4410 549 4475 40,
575 4408 621 4473 10,
647 4407 713 4462 dein
729 4400 931 4474 ‘Athenaeumss
950 4407 1016 4462 VIII
1035 4407 1136 4477 (1880),
1159 4408 1226 4466 Iaso.
1247 4413 1274 4478 6,
1294 4431 1324 4486 p.
1344 4414 1402 4470 501.
