2872 4868
781 240 823 303 50

696 329 909 336 n—---—-

219 470 285 515 non
309 470 391 532 esse,
413 449 528 516 Noctis
551 470 633 516 vero
655 454 802 535 speclem
826 453 1004 534 aliquoties
1026 471 1106 536 prae
1131 470 1167 516 se
1190 452 1275 516 ferre
1291 453 1375 516 lunu-

219 560 360 641 lamque,
393 577 491 640 quam
516 558 556 621 ad
580 561 674 642 signa
698 557 843 622 additam
866 558 1047 641 videamus,
1070 560 1178 623 noctis
1202 557 1375 640 symbolum

219 684 301 730 esse.
793 679 797 686 ’

688 855 813 960 capnt
839 857 918 944 Vll.

591 1013 635 1086 De
658 1013 779 1087 Dianae
801 1014 836 1086 11
858 1015 1013 1086 naturali.

310 1144 505 1210 Summatim
517 1162 592 1207 cum
604 1144 671 1206 iam
688 1163 787 1228 supra
797 1144 838 1208 de
850 1131 977 1209 Dianae
993 1146 1138 1210 naturali
1150 1147 1186 1209 vi
1197 1145 1379 1221 dixerimus,

217 1256 280 1319 hoo
310 1253 429 1336 capitis
452 1251 548 1314 initio
575 1250 706 1314 Cereris
731 1255 763 1314 et
785 1252 927 1316 Veneris
961 1253 1002 1316 ad
1026 1253 1168 1317 Dianam
1195 1254 1380 1317 relationem
1417 1278 1418 1283 ¹

220 1360 445 1441 tractabimus,
481 1359 603 1441 quippe
638 1376 722 1440 quae
751 1359 891 1422 eandem
924 1359 996 1425 iere
1022 1360 1169 1425 indolem
1197 1378 1235 1423 ac
1266 1358 1381 1423 Dianae

218 1466 381 1531 naturalis
402 1465 487 1550 ‚deae
510 1483 634 1528 numen
659 1465 820 1528 exhibere
844 1464 1028 1530 videantur.
1276 1467 1280 1473 ’

310 1570 444 1653 011111)
481 1572 629 1655 quidem,
660 1591 744 1654 quae
780 1574 910 1656 priscae
939 1572 1059 1638 Terrae
1088 1572 1205 1638 Matris
1241 1574 1383 1638 habitum

219 1700 298 1766 prae
327 1699 363 1744 se
391 1680 465 1761 fert,
500 1678 626 1744 Dianae
663 1684 696 1743 et
725 1682 843 1764 specie
878 1685 912 1745 et
948 1682 1039 1746 cultu
1074 1687 1107 1745 et
1142 1681 1384 1765 cognominibus

219 1789 391 1852 simillima
415 1791 473 1850 est.
520 1785 662 1868 Utrique
691 1787 771 1851 deae
799 1787 930 1852 faculae
959 1791 995 1853 in
1023 1790 1127 1872 signis
1157 1789 1383 1869 attribuuntur,

220 1914 315 1959 sacra
337 1898 498 1958 nocturna
520 1892 614 1968 fiunt,
640 1912 823 1977 cognomen
845 1889 1066 1988 cooporpdpog
1082 1896 1284 1959 attribuitur.
1329 1895 1384 1959 De

219 2002 297 2066 inde
327 2003 363 2064 in
392 2001 484 2063 cultu
512 2000 598 2084 apud
625 2000 775 2064 Arcades
807 2002 1003 2065 coniunctae
1034 1997 1172 2085 erant2),
1200 2005 1258 2067 vel
1288 2003 1385 2067 Diana

220 2109 351 2174 0111111
374 2109 479 2191 ipsius
503 2107 573 2170 filia
597 2107 637 2170 ab
662 2109 832 2189 Aeschylo
846 2104 870 2190 ³)
894 2109 1063 2172 nominata
1088 2113 1146 2172 111.
1194 2108 1261 2174 Sed
1294 2111 1385 2173 etiam

220 2217 412 2306 discrimina
450 2213 586 2277 dearum
624 2214 768 2278 notanda
803 2220 886 2279 sunt.
948 2215 1049 2279 Ceres
1084 2214 1175 2280 Iovis
1210 2216 1387 2282 habebatur

220 2325 351 2403 coniux,
379 2321 487 2384 Diana
516 2321 609 2404 virgo
632 2319 723 2384 Iovis
753 2321 831 2385 filia.
879 2321 961 2384 Cum
988 2341 1067 2387 vero
1099 2322 1140 2386 de
1170 2322 1280 2387 Diana
1311 2325 1387 2386 hanc

220 2429 410 2512 opinionem
425 2428 646 2491 recentiorem
663 2446 736 2490 esse
753 2427 971 2512 docuerimus,
988 2430 1082 2494 illam
1093 2449 1172 2494 vero
1184 2431 1387 2514 religionem,

221 2553 305 2617 qnae
328 2531 419 2596 Iovis
444 2534 618 2615 coniugem
642 2531 783 2596 Dianam
806 2534 897 2616 facit,
921 2537 1024 2601 multo
1039 2539 1268 2619 vetustiorem,
1294 2540 1387 2602 etiam

220 2643 257 2703 in
280 2642 343 2704 hac
366 2658 403 2702 re
427 2638 509 2703 deae
531 2644 722 2722 congruunt.
771 2639 871 2704 Ceres
896 2646 1007 2706 autem
1032 2645 1255 2726 agriculturae
1280 2647 1389 2709 inven-

219 2749 289 2812 trix
319 2751 352 2811 et
379 2747 506 2810 fautrix
534 2745 722 2829 putabatur,
752 2766 828 2811 cum
849 2747 977 2812 Dianae
1001 2751 1211 2834 praesidium
1227 2752 1386 2837 imprimis

221 2854 262 2919 ad
300 2843 460 2918 silvarum
496 2858 729 2938 pratorumque
768 2855 977 2920 fertilitatem
1013 2860 1207 2940 pertineret.
1266 2858 1388 2923 Deinde

220 2963 324 3027 multo
341 2962 441 3025 latius
456 2960 581 3025 Dianae
598 2981 696 3042 quam
714 2961 845 3026 Cereris
861 2964 896 3025 in
912 2965 1106 3028 universum
1120 2969 1213 3047 patet
1234 2968 1391 3049 regimen.

225 3069 325 3132 Ceres
353 3069 580 3151 matronalem,
611 3067 718 3132 Diana
748 3070 948 3152 virginalem
971 3070 1121 3134 habitum
1143 3091 1224 3154 prae
1255 3091 1293 3136 se
1324 3073 1391 3136 fert.

222 3174 322 3238 Ceres
357 3176 378 3238 i.
413 3194 441 3238 e.
476 3170 634 3259 Δημήτηρ
670 3173 871 3239 Graecorum
905 3179 1038 3260 propria
1070 3183 1130 3257 est,
1168 3177 1277 3241 Diana
1312 3181 1333 3242 i.
1369 3197 1391 3241 1.

218 3275 364 3360 ’Ἄρτεμις
386 3281 564 3344 multarum
587 3283 758 3345 nationum
782 3285 975 3347 communis.
1019 3281 1138 3366 Itaque
1153 3285 1258 3360 11111111
1282 3305 1392 3351 recen·

223 3388 341 3450 tiorem
370 3387 466 3451 deam
497 3388 601 3451 fuisse
627 3388 782 3451 Cererem
811 3406 909 3469 quam
932 3388 1074 3454 Dianam
1097 3392 1295 3475 colligimus,
1321 3411 1392 3456 cum

221 3492 330 3556 DIana
353 3514 372 3556 a
395 3495 590 3558 nomadibus
615 3495 787 3574 coleretur,
814 3494 913 3559 Ceres
943 3496 982 3560 ab
1008 3500 1080 3580 agri
1104 3499 1289 3564 cultoribus
1314 3500 1390 3564 solis

223 3602 289 3665 coli
314 3607 430 3685 coepta
454 3606 551 3667 esset.
597 3601 756 3665 Attamen
785 3602 867 3666 baec
896 3606 1033 3667 numina
1063 3624 1129 3669 non
1152 3605 1285 3670 diversa
1309 3611 1391 3686 sunt,

223 3708 281 3772 sed
322 3708 422 3772 Ocres
461 3710 556 3789 quasi
584 3707 699 3771 -forma
732 3706 863 3772 Dianae
901 3712 999 3794 paulo
1031 3711 1218 3776 abalienata
1249 3716 1392 3797 apparet,

221 3813 343 3896 Rheae,
367 3815 537 3878 Asiaticae
561 3814 652 3895 deae,
678 3815 818 3878 similior
841 3834 940 3897 quam
962 3817 1099 3882 Dianae.

310 3920 428 3984 Altera
451 3920 571 3984 deiude
599 3921 677 4003 dea,
708 3922 744 3984 in
772 3923 866 3986 cuins
888 3925 1106 4009 provinciam,
1136 3929 1174 3988 ut
1200 3901 1249 3989 ita
1276 3925 1392 4007 dicam,

192 4099 194 4104 Ι
223 4023 350 4089 Dianae
374 4025 535 4089 naturalis
558 4027 610 4090 vis
634 4027 796 4110 procedit,
819 4029 933 4093 Venus
959 4036 1022 4114 est,
1047 4050 1146 4114 quam
1169 4034 1393 4114 generationis

298 4225 318 4295 ¹)
338 4227 373 4283 11.
391 4227 535 4295 Preller,
555 4227 644 4298 Myth.
664 4226 709 4281 Gr.
728 4229 749 4298 l,
769 4229 820 4284 618
839 4248 898 4298 sqq.

296 4313 316 4383 ²)
335 4317 366 4372 P.
385 4316 459 4384 VIII,
479 4320 522 4384 37,
543 4319 556 4372 1
578 4318 650 4372 114.

296 4403 316 4473 ³)
335 4406 365 4461 P.
385 4405 460 4474 VIII,
478 4406 521 4474 37,
540 4407 566 4461 6.
