<?xml version="1.0" encoding="UTF-8"?>
<!DOCTYPE html PUBLIC "-//W3C//DTD XHTML 1.0 Transitional//EN"
    "http://www.w3.org/TR/xhtml1/DTD/xhtml1-transitional.dtd">
<html xmlns="http://www.w3.org/1999/xhtml" xml:lang="en" lang="en">
 <head>
  <title>
</title>
<meta http-equiv="Content-Type" content="text/html;charset=utf-8" />
  <meta name='ocr-system' content='tesseract 3.04.00' />
  <meta name='ocr-capabilities' content='ocr_page ocr_carea ocr_par ocr_line ocrx_word'/>
</head>
<body>
  <div class='ocr_page' id='page_1' title='image "./dedianaeantiqui00claugoog_0055.png"; bbox 0 0 2872 4868; ppageno 0'>
   <div class='ocr_carea' id='block_1_1' title="bbox 210 263 1434 3344">
    <p class='ocr_par' dir='ltr' id='par_1_1' title="bbox 210 263 1434 3344">
     <span class='ocr_line' id='line_1_1' title="bbox 693 263 906 358; baseline 0 0"><span class='ocrx_word' id='word_1_1' title='bbox 693 263 906 358; x_wconf 49' lang='grc' dir='ltr'><strong>Α,</strong></span> 
     </span>
     <span class='ocr_line' id='line_1_2' title="bbox 217 472 1373 556; baseline -0.004 -17"><span class='ocrx_word' id='word_1_2' title='bbox 217 495 236 539; x_wconf 92' lang='lat' dir='ltr'><strong>a</strong></span> <span class='ocrx_word' id='word_1_3' title='bbox 266 473 482 539; x_wconf 82' lang='lat' dir='ltr'><strong>Patrensibus</strong></span> <span class='ocrx_word' id='word_1_4' title='bbox 512 473 805 556; x_wconf 65' lang='lat' dir='ltr'><strong>immolabanturll.</strong></span> <span class='ocrx_word' id='word_1_5' title='bbox 857 473 973 555; x_wconf 89' lang='lat' dir='ltr'><strong>ltaque</strong></span> <span class='ocrx_word' id='word_1_6' title='bbox 1004 493 1079 537; x_wconf 90' lang='lat' dir='ltr'><strong>oum</strong></span> <span class='ocrx_word' id='word_1_7' title='bbox 1109 472 1296 536; x_wconf 77' lang='lat' dir='ltr'><strong>Arcadibus</strong></span> <span class='ocrx_word' id='word_1_8' title='bbox 1323 473 1373 535; x_wconf 89' lang='lat' dir='ltr'><strong>hoo</strong></span> 
     </span>
     <span class='ocr_line' id='line_1_3' title="bbox 219 579 1374 664; baseline -0.005 -16"><span class='ocrx_word' id='word_1_9' title='bbox 219 600 316 648; x_wconf 88' lang='lat' dir='ltr'><strong>ursae</strong></span> <span class='ocrx_word' id='word_1_10' title='bbox 342 582 528 662; x_wconf 84' lang='lat' dir='ltr'><strong>symbolum</strong></span> <span class='ocrx_word' id='word_1_11' title='bbox 552 581 742 663; x_wconf 84' lang='lat' dir='ltr'><strong>debeamus,</strong></span> <span class='ocrx_word' id='word_1_12' title='bbox 771 584 831 646; x_wconf 90' lang='lat' dir='ltr'><strong>hos</strong></span> <span class='ocrx_word' id='word_1_13' title='bbox 855 581 988 664; x_wconf 90' lang='lat' dir='ltr'><strong>quidem</strong></span> <span class='ocrx_word' id='word_1_14' title='bbox 1012 581 1282 662; x_wconf 91' lang='lat' dir='ltr'><strong>antiquissimum</strong></span> <span class='ocrx_word' id='word_1_15' title='bbox 1305 579 1374 643; x_wconf 87' lang='lat' dir='ltr'><strong>deae</strong></span> 
     </span>
     <span class='ocr_line' id='line_1_4' title="bbox 216 686 1341 770; baseline -0.004 -17"><span class='ocrx_word' id='word_1_16' title='bbox 216 688 331 756; x_wconf 89' lang='lat' dir='ltr'><strong>Noctis</strong></span> <span class='ocrx_word' id='word_1_17' title='bbox 355 689 543 770; x_wconf 89' lang='lat' dir='ltr'><strong>symbolum</strong></span> <span class='ocrx_word' id='word_1_18' title='bbox 565 689 752 753; x_wconf 86' lang='lat' dir='ltr'><strong>diutissime</strong></span> <span class='ocrx_word' id='word_1_19' title='bbox 777 705 990 753; x_wconf 88' lang='lat' dir='ltr'><strong>conservasse</strong></span> <span class='ocrx_word' id='word_1_20' title='bbox 1014 686 1263 751; x_wconf 87' lang='lat' dir='ltr'><strong>concedendum</strong></span> <span class='ocrx_word' id='word_1_21' title='bbox 1287 691 1341 750; x_wconf 90' lang='lat' dir='ltr'><strong>est.</strong></span> 
     </span>
     <span class='ocr_line' id='line_1_5' title="bbox 305 794 1375 876; baseline -0.003 -17"><span class='ocrx_word' id='word_1_22' title='bbox 305 795 427 860; x_wconf 80' lang='lat' dir='ltr'>Contra</span> <span class='ocrx_word' id='word_1_23' title='bbox 449 797 553 860; x_wconf 90' lang='lat' dir='ltr'><strong>multo</strong></span> <span class='ocrx_word' id='word_1_24' title='bbox 576 797 798 860; x_wconf 87' lang='lat' dir='ltr'><strong>recentiorem</strong></span> <span class='ocrx_word' id='word_1_25' title='bbox 822 801 856 861; x_wconf 90' lang='lat' dir='ltr'><strong>et</strong></span> <span class='ocrx_word' id='word_1_26' title='bbox 877 794 1072 859; x_wconf 87' lang='lat' dir='ltr'><strong>inferiorem</strong></span> <span class='ocrx_word' id='word_1_27' title='bbox 1095 795 1242 876; x_wconf 88' lang='lat' dir='ltr'><strong>speciem</strong></span> <span class='ocrx_word' id='word_1_28' title='bbox 1263 794 1375 857; x_wconf 87' lang='lat' dir='ltr'><strong>lunaris</strong></span> 
     </span>
     <span class='ocr_line' id='line_1_6' title="bbox 214 899 1376 988; baseline -0.003 -22"><span class='ocrx_word' id='word_1_29' title='bbox 214 903 301 967; x_wconf 90' lang='lat' dir='ltr'><strong>deae</strong></span> <span class='ocrx_word' id='word_1_30' title='bbox 337 903 475 967; x_wconf 86' lang='lat' dir='ltr'><strong>exhibet</strong></span> <span class='ocrx_word' id='word_1_31' title='bbox 508 900 684 988; x_wconf 64' lang='lat' dir='ltr'><strong>Hecate2),</strong></span> <span class='ocrx_word' id='word_1_32' title='bbox 723 923 790 967; x_wconf 92' lang='lat' dir='ltr'><strong>non</strong></span> <span class='ocrx_word' id='word_1_33' title='bbox 819 904 879 967; x_wconf 88' lang='lat' dir='ltr'><strong>illa</strong></span> <span class='ocrx_word' id='word_1_34' title='bbox 907 902 1056 985; x_wconf 87' lang='lat' dir='ltr'><strong>quidem,</strong></span> <span class='ocrx_word' id='word_1_35' title='bbox 1094 919 1193 981; x_wconf 87' lang='lat' dir='ltr'><strong>quam</strong></span> <span class='ocrx_word' id='word_1_36' title='bbox 1220 899 1376 964; x_wconf 80' lang='lat' dir='ltr'><strong>Hesiodus</strong></span> 
     </span>
     <span class='ocr_line' id='line_1_7' title="bbox 213 1008 1377 1094; baseline -0.003 -22"><span class='ocrx_word' id='word_1_37' title='bbox 213 1012 249 1073; x_wconf 92' lang='lat' dir='ltr'><strong>in</strong></span> <span class='ocrx_word' id='word_1_38' title='bbox 282 1008 472 1094; x_wconf 78' lang='lat' dir='ltr'><strong>Theogonia</strong></span> <span class='ocrx_word' id='word_1_39' title='bbox 504 1012 636 1094; x_wconf 87' lang='lat' dir='ltr'><strong>copiose</strong></span> <span class='ocrx_word' id='word_1_40' title='bbox 667 1011 852 1094; x_wconf 85' lang='lat' dir='ltr'><strong>praedicat,</strong></span> <span class='ocrx_word' id='word_1_41' title='bbox 891 1010 951 1074; x_wconf 88' lang='lat' dir='ltr'><strong>sed</strong></span> <span class='ocrx_word' id='word_1_42' title='bbox 984 1028 1037 1091; x_wconf 90' lang='lat' dir='ltr'><strong>ea,</strong></span> <span class='ocrx_word' id='word_1_43' title='bbox 1075 1026 1174 1089; x_wconf 93' lang='lat' dir='ltr'><strong>quam</strong></span> <span class='ocrx_word' id='word_1_44' title='bbox 1204 1008 1377 1090; x_wconf 87' lang='lat' dir='ltr'><strong>posteriore</strong></span> 
     </span>
     <span class='ocr_line' id='line_1_8' title="bbox 213 1113 1378 1199; baseline -0.003 -20"><span class='ocrx_word' id='word_1_45' title='bbox 213 1121 362 1199; x_wconf 90' lang='lat' dir='ltr'><strong>tempore</strong></span> <span class='ocrx_word' id='word_1_46' title='bbox 387 1118 510 1181; x_wconf 90' lang='lat' dir='ltr'><strong>cultam</strong></span> <span class='ocrx_word' id='word_1_47' title='bbox 533 1117 637 1182; x_wconf 89' lang='lat' dir='ltr'><strong>fuisse</strong></span> <span class='ocrx_word' id='word_1_48' title='bbox 660 1119 794 1182; x_wconf 90' lang='lat' dir='ltr'><strong>scimus.</strong></span> <span class='ocrx_word' id='word_1_49' title='bbox 841 1115 905 1181; x_wconf 85' lang='lat' dir='ltr'><strong>Sed</strong></span> <span class='ocrx_word' id='word_1_50' title='bbox 929 1118 1141 1194; x_wconf 84' lang='lat' dir='ltr'><strong>etiamtunc,</strong></span> <span class='ocrx_word' id='word_1_51' title='bbox 1166 1132 1243 1178; x_wconf 89' lang='lat' dir='ltr'><strong>cum</strong></span> <span class='ocrx_word' id='word_1_52' title='bbox 1259 1113 1378 1177; x_wconf 88' lang='lat' dir='ltr'><strong>Hecata</strong></span> 
     </span>
     <span class='ocr_line' id='line_1_9' title="bbox 214 1222 1414 1306; baseline -0.003 -20"><span class='ocrx_word' id='word_1_53' title='bbox 214 1223 276 1286; x_wconf 88' lang='lat' dir='ltr'><strong>dea</strong></span> <span class='ocrx_word' id='word_1_54' title='bbox 299 1225 394 1306; x_wconf 91' lang='lat' dir='ltr'><strong>quasi</strong></span> <span class='ocrx_word' id='word_1_55' title='bbox 416 1225 452 1287; x_wconf 91' lang='lat' dir='ltr'><strong>in</strong></span> <span class='ocrx_word' id='word_1_56' title='bbox 475 1223 667 1288; x_wconf 86' lang='lat' dir='ltr'><strong>inferiorem</strong></span> <span class='ocrx_word' id='word_1_57' title='bbox 690 1226 800 1289; x_wconf 92' lang='lat' dir='ltr'><strong>locum</strong></span> <span class='ocrx_word' id='word_1_58' title='bbox 822 1225 1028 1305; x_wconf 80' lang='lat' dir='ltr'><strong>recessisset,</strong></span> <span class='ocrx_word' id='word_1_59' title='bbox 1052 1222 1111 1285; x_wconf 94' lang='lat' dir='ltr'><strong>illa</strong></span> <span class='ocrx_word' id='word_1_60' title='bbox 1134 1223 1378 1303; x_wconf 87' lang='lat' dir='ltr'><strong>antiquissimae</strong></span> <span class='ocrx_word' id='word_1_61' title='bbox 1413 1290 1414 1295; x_wconf 40' lang='lat'><strong>.</strong></span> 
     </span>
     <span class='ocr_line' id='line_1_10' title="bbox 213 1327 1379 1415; baseline -0.001 -23"><span class='ocrx_word' id='word_1_62' title='bbox 213 1331 369 1412; x_wconf 83' lang='lat' dir='ltr'><strong>genitalis</strong></span> <span class='ocrx_word' id='word_1_63' title='bbox 393 1333 457 1413; x_wconf 86' lang='lat' dir='ltr'><strong>vis,</strong></span> <span class='ocrx_word' id='word_1_64' title='bbox 485 1350 583 1413; x_wconf 91' lang='lat' dir='ltr'><strong>quam</strong></span> <span class='ocrx_word' id='word_1_65' title='bbox 607 1335 759 1415; x_wconf 80' lang='lat' dir='ltr'><strong>proximo</strong></span> <span class='ocrx_word' id='word_1_66' title='bbox 784 1333 892 1414; x_wconf 88' lang='lat' dir='ltr'><strong>capite</strong></span> <span class='ocrx_word' id='word_1_67' title='bbox 915 1330 1146 1410; x_wconf 85' lang='lat' dir='ltr'><strong>tractabimus,</strong></span> <span class='ocrx_word' id='word_1_68' title='bbox 1170 1327 1379 1392; x_wconf 84' lang='lat' dir='ltr'><strong>retinebatur.</strong></span> 
     </span>
     <span class='ocr_line' id='line_1_11' title="bbox 219 1433 1380 1520; baseline -0.002 -21"><span class='ocrx_word' id='word_1_69' title='bbox 219 1437 284 1499; x_wconf 88' lang='lat' dir='ltr'><strong>Vel</strong></span> <span class='ocrx_word' id='word_1_70' title='bbox 306 1439 430 1520; x_wconf 83' lang='lat' dir='ltr'><strong>triplex</strong></span> <span class='ocrx_word' id='word_1_71' title='bbox 454 1438 603 1503; x_wconf 87' lang='lat' dir='ltr'><strong>eiusdem</strong></span> <span class='ocrx_word' id='word_1_72' title='bbox 626 1439 708 1503; x_wconf 87' lang='lat' dir='ltr'><strong>deae</strong></span> <span class='ocrx_word' id='word_1_73' title='bbox 731 1459 797 1504; x_wconf 92' lang='lat' dir='ltr'><strong>non</strong></span> <span class='ocrx_word' id='word_1_74' title='bbox 821 1441 927 1504; x_wconf 92' lang='lat' dir='ltr'><strong>solum</strong></span> <span class='ocrx_word' id='word_1_75' title='bbox 950 1443 1069 1502; x_wconf 88' lang='lat' dir='ltr'><strong>natura</strong></span> <span class='ocrx_word' id='word_1_76' title='bbox 1089 1436 1147 1500; x_wconf 90' lang='lat' dir='ltr'><strong>sed</strong></span> <span class='ocrx_word' id='word_1_77' title='bbox 1164 1437 1269 1499; x_wconf 90' lang='lat' dir='ltr'><strong>etiam</strong></span> <span class='ocrx_word' id='word_1_78' title='bbox 1284 1433 1380 1518; x_wconf 84' lang='lat' dir='ltr'><strong>figura</strong></span> 
     </span>
     <span class='ocr_line' id='line_1_12' title="bbox 216 1542 1380 1630; baseline -0.003 -24"><span class='ocrx_word' id='word_1_79' title='bbox 216 1544 430 1626; x_wconf 77' lang='lat' dir='ltr'><strong>cogitabatur,</strong></span> <span class='ocrx_word' id='word_1_80' title='bbox 447 1564 567 1629; x_wconf 89' lang='lat' dir='ltr'><strong>nempe</strong></span> <span class='ocrx_word' id='word_1_81' title='bbox 584 1548 749 1630; x_wconf 86' lang='lat' dir='ltr'><strong>caelestis,</strong></span> <span class='ocrx_word' id='word_1_82' title='bbox 765 1548 933 1611; x_wconf 87' lang='lat' dir='ltr'><strong>terrestria</strong></span> <span class='ocrx_word' id='word_1_83' title='bbox 949 1546 1005 1609; x_wconf 91' lang='lat' dir='ltr'><strong>vel</strong></span> <span class='ocrx_word' id='word_1_84' title='bbox 1019 1544 1190 1624; x_wconf 85' lang='lat' dir='ltr'><strong>naturalis,</strong></span> <span class='ocrx_word' id='word_1_85' title='bbox 1204 1542 1380 1606; x_wconf 87' lang='lat' dir='ltr'><strong>inferorum</strong></span> 
     </span>
     <span class='ocr_line' id='line_1_13' title="bbox 211 1651 1420 1736; baseline -0.001 -24"><span class='ocrx_word' id='word_1_86' title='bbox 211 1651 373 1714; x_wconf 90' lang='lat' dir='ltr'><strong>numinis:</strong></span> <span class='ocrx_word' id='word_1_87' title='bbox 400 1652 460 1715; x_wconf 91' lang='lat' dir='ltr'><strong>illa</strong></span> <span class='ocrx_word' id='word_1_88' title='bbox 487 1672 566 1716; x_wconf 87' lang='lat' dir='ltr'><strong>vero</strong></span> <span class='ocrx_word' id='word_1_89' title='bbox 596 1654 750 1718; x_wconf 88' lang='lat' dir='ltr'><strong>caelestis</strong></span> <span class='ocrx_word' id='word_1_90' title='bbox 782 1657 904 1718; x_wconf 88' lang='lat' dir='ltr'><strong>ceteris</strong></span> <span class='ocrx_word' id='word_1_91' title='bbox 928 1654 1081 1736; x_wconf 88' lang='lat' dir='ltr'><strong>superior</strong></span> <span class='ocrx_word' id='word_1_92' title='bbox 1102 1651 1282 1714; x_wconf 83' lang='lat' dir='ltr'><strong>videbatur</strong></span> <span class='ocrx_word' id='word_1_93' title='bbox 1306 1666 1379 1725; x_wconf 79' lang='lat' dir='ltr'><strong>esse,</strong></span> <span class='ocrx_word' id='word_1_94' title='bbox 1419 1700 1420 1711; x_wconf 70' lang='grc'>,</span> 
     </span>
     <span class='ocr_line' id='line_1_14' title="bbox 215 1750 1380 1844; baseline -0.003 -23"><span class='ocrx_word' id='word_1_95' title='bbox 215 1769 289 1821; x_wconf 87' lang='lat' dir='ltr'><strong>cum</strong></span> <span class='ocrx_word' id='word_1_96' title='bbox 320 1764 436 1841; x_wconf 85' lang='lat' dir='ltr'><strong>postea</strong></span> <span class='ocrx_word' id='word_1_97' title='bbox 464 1761 571 1843; x_wconf 90' lang='lat' dir='ltr'><strong>ipsam</strong></span> <span class='ocrx_word' id='word_1_98' title='bbox 599 1761 711 1825; x_wconf 90' lang='lat' dir='ltr'><strong>lunam</strong></span> <span class='ocrx_word' id='word_1_99' title='bbox 734 1756 865 1826; x_wconf 86' lang='lat' dir='ltr'><strong>Hecata</strong></span> <span class='ocrx_word' id='word_1_100' title='bbox 886 1760 1131 1844; x_wconf 88' lang='lat' dir='ltr'><strong>repraesentari</strong></span> <span class='ocrx_word' id='word_1_101' title='bbox 1155 1750 1380 1834; x_wconf 80' lang='lat' dir='ltr'><strong>conicerent³).</strong></span> 
     </span>
     <span class='ocr_line' id='line_1_15' title="bbox 214 1863 1381 1952; baseline -0.003 -24"><span class='ocrx_word' id='word_1_102' title='bbox 214 1864 356 1929; x_wconf 89' lang='lat' dir='ltr'><strong>Dianam</strong></span> <span class='ocrx_word' id='word_1_103' title='bbox 390 1872 517 1949; x_wconf 81' lang='lat' dir='ltr'><strong>autem,</strong></span> <span class='ocrx_word' id='word_1_104' title='bbox 554 1887 629 1931; x_wconf 93' lang='lat' dir='ltr'><strong>cum</strong></span> <span class='ocrx_word' id='word_1_105' title='bbox 663 1869 734 1933; x_wconf 82' lang='lat' dir='ltr'><strong>fere</strong></span> <span class='ocrx_word' id='word_1_106' title='bbox 770 1870 908 1933; x_wconf 87' lang='lat' dir='ltr'><strong>eandem</strong></span> <span class='ocrx_word' id='word_1_107' title='bbox 944 1869 1091 1952; x_wconf 88' lang='lat' dir='ltr'><strong>speciem</strong></span> <span class='ocrx_word' id='word_1_108' title='bbox 1125 1870 1224 1946; x_wconf 88' lang='lat' dir='ltr'><strong>atque</strong></span> <span class='ocrx_word' id='word_1_109' title='bbox 1260 1863 1381 1927; x_wconf 88' lang='lat' dir='ltr'><strong>Heoata</strong></span> 
     </span>
     <span class='ocr_line' id='line_1_16' title="bbox 217 1968 1382 2058; baseline -0.003 -24"><span class='ocrx_word' id='word_1_110' title='bbox 217 1973 396 2056; x_wconf 89' lang='lat' dir='ltr'><strong>praecipue</strong></span> <span class='ocrx_word' id='word_1_111' title='bbox 429 1975 464 2036; x_wconf 92' lang='lat' dir='ltr'><strong>in</strong></span> <span class='ocrx_word' id='word_1_112' title='bbox 497 1976 699 2058; x_wconf 79' lang='lat' dir='ltr'><strong>imaginibus</strong></span> <span class='ocrx_word' id='word_1_113' title='bbox 731 1977 916 2058; x_wconf 83' lang='lat' dir='ltr'><strong>exhiberet,</strong></span> <span class='ocrx_word' id='word_1_114' title='bbox 949 1976 1012 2038; x_wconf 91' lang='lat' dir='ltr'><strong>hac</strong></span> <span class='ocrx_word' id='word_1_115' title='bbox 1043 1976 1117 2056; x_wconf 91' lang='lat' dir='ltr'><strong>ipsa</strong></span> <span class='ocrx_word' id='word_1_116' title='bbox 1144 1991 1181 2035; x_wconf 90' lang='lat' dir='ltr'><strong>re</strong></span> <span class='ocrx_word' id='word_1_117' title='bbox 1211 1991 1229 2035; x_wconf 87' lang='lat' dir='ltr'><strong>a</strong></span> <span class='ocrx_word' id='word_1_118' title='bbox 1258 1968 1382 2053; x_wconf 83' lang='lat' dir='ltr'><strong>vulgari</strong></span> 
     </span>
     <span class='ocr_line' id='line_1_17' title="bbox 214 2076 1381 2168; baseline -0.005 -25"><span class='ocrx_word' id='word_1_119' title='bbox 214 2082 382 2144; x_wconf 88' lang='lat' dir='ltr'><strong>sententia</strong></span> <span class='ocrx_word' id='word_1_120' title='bbox 415 2081 548 2146; x_wconf 81' lang='lat' dir='ltr'><strong>facilius</strong></span> <span class='ocrx_word' id='word_1_121' title='bbox 578 2084 676 2148; x_wconf 92' lang='lat' dir='ltr'><strong>lunae</strong></span> <span class='ocrx_word' id='word_1_122' title='bbox 704 2086 809 2168; x_wconf 89' lang='lat' dir='ltr'><strong>ipsius</strong></span> <span class='ocrx_word' id='word_1_123' title='bbox 838 2088 991 2147; x_wconf 90' lang='lat' dir='ltr'><strong>naturam</strong></span> <span class='ocrx_word' id='word_1_124' title='bbox 1018 2081 1167 2144; x_wconf 91' lang='lat' dir='ltr'><strong>induisse</strong></span> <span class='ocrx_word' id='word_1_125' title='bbox 1202 2076 1381 2142; x_wconf 84' lang='lat' dir='ltr'><strong>verisimile</strong></span> 
     </span>
     <span class='ocr_line' id='line_1_18' title="bbox 218 2185 1381 2273; baseline -0.004 -23"><span class='ocrx_word' id='word_1_126' title='bbox 218 2192 277 2251; x_wconf 90' lang='lat' dir='ltr'><strong>est.</strong></span> <span class='ocrx_word' id='word_1_127' title='bbox 324 2186 440 2270; x_wconf 87' lang='lat' dir='ltr'><strong>itaque</strong></span> <span class='ocrx_word' id='word_1_128' title='bbox 469 2188 676 2273; x_wconf 77' lang='lat' dir='ltr'><strong>Euripidas4)</strong></span> <span class='ocrx_word' id='word_1_129' title='bbox 699 2189 847 2255; x_wconf 85' lang='lat' dir='ltr'><strong>Latonae</strong></span> <span class='ocrx_word' id='word_1_130' title='bbox 879 2189 985 2254; x_wconf 88' lang='lat' dir='ltr'><strong>filiam</strong></span> <span class='ocrx_word' id='word_1_131' title='bbox 1015 2185 1199 2248; x_wconf 79' lang='grc' dir='ltr'><strong><em>Σελαναίαν</em></strong></span> <span class='ocrx_word' id='word_1_132' title='bbox 1231 2185 1381 2268; x_wconf 88' lang='lat' dir='ltr'><strong>appellat,</strong></span> 
     </span>
     <span class='ocr_line' id='line_1_19' title="bbox 213 2288 1381 2381; baseline -0.005 -24"><span class='ocrx_word' id='word_1_133' title='bbox 213 2313 287 2358; x_wconf 92' lang='lat' dir='ltr'><strong>oum</strong></span> <span class='ocrx_word' id='word_1_134' title='bbox 306 2297 404 2377; x_wconf 91' lang='lat' dir='ltr'><strong>paulo</strong></span> <span class='ocrx_word' id='word_1_135' title='bbox 420 2315 520 2381; x_wconf 88' lang='lat' dir='ltr'><strong>supra</strong></span> <span class='ocrx_word' id='word_1_136' title='bbox 535 2298 576 2379; x_wconf 83' lang='lat' dir='ltr'><strong>(v.</strong></span> <span class='ocrx_word' id='word_1_137' title='bbox 595 2299 671 2379; x_wconf 85' lang='lat'>110)</span> <span class='ocrx_word' id='word_1_138' title='bbox 690 2299 829 2362; x_wconf 87' lang='lat' dir='ltr'><strong>eandem</strong></span> <span class='ocrx_word' id='word_1_139' title='bbox 839 2291 978 2377; x_wconf 83' lang='grc' dir='ltr'><strong><em>Ἑκάτην</em></strong></span> <span class='ocrx_word' id='word_1_140' title='bbox 992 2294 1222 2359; x_wconf 85' lang='lat' dir='ltr'><strong>nominaverit.</strong></span> <span class='ocrx_word' id='word_1_141' title='bbox 1257 2288 1381 2354; x_wconf 87' lang='lat' dir='ltr'><strong>Deinde</strong></span> 
     </span>
     <span class='ocr_line' id='line_1_20' title="bbox 215 2398 1382 2488; baseline -0.003 -26"><span class='ocrx_word' id='word_1_142' title='bbox 215 2419 318 2483; x_wconf 90' lang='lat' dir='ltr'><strong>panes</strong></span> <span class='ocrx_word' id='word_1_143' title='bbox 341 2402 397 2464; x_wconf 89' lang='lat' dir='ltr'><strong>vel</strong></span> <span class='ocrx_word' id='word_1_144' title='bbox 419 2404 590 2486; x_wconf 87' lang='lat' dir='ltr'><strong>placentas</strong></span> <span class='ocrx_word' id='word_1_145' title='bbox 612 2407 779 2488; x_wconf 84' lang='lat' dir='ltr'><strong>rotundas,</strong></span> <span class='ocrx_word' id='word_1_146' title='bbox 803 2424 887 2487; x_wconf 89' lang='lat' dir='ltr'><strong>quae</strong></span> <span class='ocrx_word' id='word_1_147' title='bbox 903 2402 1160 2467; x_wconf 87' lang='lat' dir='ltr'><strong>menstrualibus</strong></span> <span class='ocrx_word' id='word_1_148' title='bbox 1181 2400 1286 2463; x_wconf 89' lang='lat' dir='ltr'><strong>sacris</strong></span> <span class='ocrx_word' id='word_1_149' title='bbox 1307 2398 1382 2461; x_wconf 89' lang='lat' dir='ltr'><strong>deae</strong></span> 
     </span>
     <span class='ocr_line' id='line_1_21' title="bbox 215 2505 1381 2596; baseline -0.003 -27"><span class='ocrx_word' id='word_1_150' title='bbox 215 2511 290 2570; x_wconf 89' lang='lat' dir='ltr'><strong>ante</strong></span> <span class='ocrx_word' id='word_1_151' title='bbox 329 2508 500 2573; x_wconf 89' lang='lat' dir='ltr'><strong>domorum</strong></span> <span class='ocrx_word' id='word_1_152' title='bbox 526 2519 648 2593; x_wconf 39' lang='lat' dir='ltr'><strong>xportas</strong></span> <span class='ocrx_word' id='word_1_153' title='bbox 684 2513 965 2596; x_wconf 82' lang='lat' dir='ltr'><strong>proponebantur,</strong></span> <span class='ocrx_word' id='word_1_154' title='bbox 1004 2505 1138 2591; x_wconf 80' lang='grc' dir='ltr'><strong><em>σελήνας</em></strong></span> <span class='ocrx_word' id='word_1_155' title='bbox 1172 2506 1280 2570; x_wconf 88' lang='lat' dir='ltr'><strong>dictas</strong></span> <span class='ocrx_word' id='word_1_156' title='bbox 1315 2521 1381 2569; x_wconf 88' lang='lat' dir='ltr'><strong>esse</strong></span> 
     </span>
     <span class='ocr_line' id='line_1_22' title="bbox 211 2611 1381 2699; baseline 0 -25"><span class='ocrx_word' id='word_1_157' title='bbox 211 2613 372 2676; x_wconf 86' lang='lat' dir='ltr'><strong>traditum</strong></span> <span class='ocrx_word' id='word_1_158' title='bbox 397 2611 486 2699; x_wconf 78' lang='lat' dir='ltr'><strong>ost5).</strong></span> <span class='ocrx_word' id='word_1_159' title='bbox 528 2615 621 2693; x_wconf 80' lang='lat' dir='ltr'><strong>Quod</strong></span> <span class='ocrx_word' id='word_1_160' title='bbox 644 2638 723 2683; x_wconf 88' lang='lat' dir='ltr'><strong>vero</strong></span> <span class='ocrx_word' id='word_1_161' title='bbox 746 2619 839 2683; x_wconf 91' lang='lat' dir='ltr'><strong>illius</strong></span> <span class='ocrx_word' id='word_1_162' title='bbox 862 2619 944 2682; x_wconf 91' lang='lat' dir='ltr'><strong>deae</strong></span> <span class='ocrx_word' id='word_1_163' title='bbox 965 2621 1040 2681; x_wconf 88' lang='lat' dir='ltr'><strong>ante</strong></span> <span class='ocrx_word' id='word_1_164' title='bbox 1057 2631 1171 2679; x_wconf 89' lang='lat' dir='ltr'><strong>omnes</strong></span> <span class='ocrx_word' id='word_1_165' title='bbox 1186 2613 1258 2677; x_wconf 84' lang='lat' dir='ltr'><strong>fere</strong></span> <span class='ocrx_word' id='word_1_166' title='bbox 1275 2617 1381 2696; x_wconf 89' lang='lat' dir='ltr'><strong>portas</strong></span> 
     </span>
     <span class='ocr_line' id='line_1_23' title="bbox 212 2709 1434 2808; baseline -0.001 -26"><span class='ocrx_word' id='word_1_167' title='bbox 212 2720 326 2803; x_wconf 79' lang='lat' dir='ltr'><strong>sigilla</strong></span> <span class='ocrx_word' id='word_1_168' title='bbox 355 2722 411 2785; x_wconf 86' lang='lat' dir='ltr'><strong>vel</strong></span> <span class='ocrx_word' id='word_1_169' title='bbox 439 2727 583 2788; x_wconf 88' lang='lat' dir='ltr'><strong>sacraria</strong></span> <span class='ocrx_word' id='word_1_170' title='bbox 612 2727 772 2790; x_wconf 85' lang='lat' dir='ltr'><strong>collocata</strong></span> <span class='ocrx_word' id='word_1_171' title='bbox 800 2730 908 2808; x_wconf 85' lang='lat' dir='ltr'><strong>erant,</strong></span> <span class='ocrx_word' id='word_1_172' title='bbox 940 2742 1123 2807; x_wconf 84' lang='lat' dir='ltr'><strong>cognomen</strong></span> <span class='ocrx_word' id='word_1_173' title='bbox 1142 2714 1304 2803; x_wconf 65' lang='grc' dir='ltr'><strong><em>Ένοᾶλαθ)</em></strong></span> <span class='ocrx_word' id='word_1_174' title='bbox 1331 2718 1382 2782; x_wconf 89' lang='lat' dir='ltr'><strong>vel</strong></span> <span class='ocrx_word' id='word_1_175' title='bbox 1433 2709 1434 2758; x_wconf 67' lang='lat' dir='ltr'><strong>t</strong></span> 
     </span>
     <span class='ocr_line' id='line_1_24' title="bbox 213 2827 1382 2919; baseline -0.005 -24"><span class='ocrx_word' id='word_1_176' title='bbox 213 2827 411 2906; x_wconf 81' lang='grc' dir='ltr'><strong><em>Ποοθυραία</em></strong></span> <span class='ocrx_word' id='word_1_177' title='bbox 444 2830 593 2897; x_wconf 88' lang='lat' dir='ltr'><strong>Hecatae</strong></span> <span class='ocrx_word' id='word_1_178' title='bbox 629 2834 771 2897; x_wconf 91' lang='lat' dir='ltr'><strong>inditum</strong></span> <span class='ocrx_word' id='word_1_179' title='bbox 806 2839 858 2898; x_wconf 88' lang='lat' dir='ltr'><strong>est</strong></span> <span class='ocrx_word' id='word_1_180' title='bbox 876 2831 898 2919; x_wconf 90' lang='lat'><strong>).</strong></span> <span class='ocrx_word' id='word_1_181' title='bbox 961 2829 1069 2908; x_wconf 82' lang='lat' dir='ltr'><strong>Quare</strong></span> <span class='ocrx_word' id='word_1_182' title='bbox 1104 2831 1187 2893; x_wconf 91' lang='lat' dir='ltr'><strong>mihi</strong></span> <span class='ocrx_word' id='word_1_183' title='bbox 1222 2828 1382 2892; x_wconf 89' lang='lat' dir='ltr'><strong>declarari</strong></span> 
     </span>
     <span class='ocr_line' id='line_1_25' title="bbox 213 2932 1382 3030; baseline 0.002 -36"><span class='ocrx_word' id='word_1_184' title='bbox 213 2932 345 2997; x_wconf 84' lang='lat' dir='ltr'><strong>videtur</strong></span> <span class='ocrx_word' id='word_1_185' title='bbox 372 2938 471 3030; x_wconf 91' lang='lat' dir='ltr'><strong>huius</strong></span> <span class='ocrx_word' id='word_1_186' title='bbox 502 2937 583 3004; x_wconf 90' lang='lat' dir='ltr'><strong>deae</strong></span> <span class='ocrx_word' id='word_1_187' title='bbox 615 2943 740 3004; x_wconf 89' lang='lat' dir='ltr'><strong>cultum</strong></span> <span class='ocrx_word' id='word_1_188' title='bbox 768 2941 979 3024; x_wconf 85' lang='lat' dir='ltr'><strong>frequentem</strong></span> <span class='ocrx_word' id='word_1_189' title='bbox 1010 2943 1043 3002; x_wconf 89' lang='lat' dir='ltr'><strong>et</strong></span> <span class='ocrx_word' id='word_1_190' title='bbox 1070 2936 1328 3000; x_wconf 89' lang='lat' dir='ltr'><strong>usitatissimum</strong></span> <span class='ocrx_word' id='word_1_191' title='bbox 1349 2936 1382 2996; x_wconf 91' lang='lat' dir='ltr'><strong>in</strong></span> 
     </span>
     <span class='ocr_line' id='line_1_26' title="bbox 210 3035 1385 3122; baseline 0.002 -20"><span class='ocrx_word' id='word_1_192' title='bbox 210 3041 350 3122; x_wconf 88' lang='lat' dir='ltr'><strong>privatis</strong></span> <span class='ocrx_word' id='word_1_193' title='bbox 380 3047 483 3110; x_wconf 89' lang='lat' dir='ltr'><strong>sacris</strong></span> <span class='ocrx_word' id='word_1_194' title='bbox 512 3047 624 3112; x_wconf 89' lang='lat' dir='ltr'><strong>fuisse.</strong></span> <span class='ocrx_word' id='word_1_195' title='bbox 670 3047 800 3112; x_wconf 89' lang='lat' dir='ltr'><strong>Deinde</strong></span> <span class='ocrx_word' id='word_1_196' title='bbox 830 3046 1013 3112; x_wconf 91' lang='lat' dir='ltr'><strong>similitudo</strong></span> <span class='ocrx_word' id='word_1_197' title='bbox 1042 3042 1204 3107; x_wconf 86' lang='lat' dir='ltr'><strong>Mercurii</strong></span> <span class='ocrx_word' id='word_1_198' title='bbox 1231 3035 1385 3119; x_wconf 65' lang='lat' dir='ltr'><strong>unasub</strong></span> 
     </span>
     <span class='ocr_line' id='line_1_27' title="bbox 211 3149 1381 3237; baseline 0.004 -30"><span class='ocrx_word' id='word_1_199' title='bbox 211 3149 421 3230; x_wconf 90' lang='lat' dir='ltr'><strong>respicienda</strong></span> <span class='ocrx_word' id='word_1_200' title='bbox 450 3159 516 3236; x_wconf 86' lang='lat' dir='ltr'><strong>est,</strong></span> <span class='ocrx_word' id='word_1_201' title='bbox 548 3157 606 3237; x_wconf 91' lang='lat' dir='ltr'><strong>qui</strong></span> <span class='ocrx_word' id='word_1_202' title='bbox 636 3155 718 3218; x_wconf 93' lang='lat' dir='ltr'><strong>deus</strong></span> <span class='ocrx_word' id='word_1_203' title='bbox 749 3174 824 3219; x_wconf 87' lang='lat' dir='ltr'><strong>cum</strong></span> <span class='ocrx_word' id='word_1_204' title='bbox 852 3154 980 3219; x_wconf 87' lang='lat' dir='ltr'><strong>Hcoata</strong></span> <span class='ocrx_word' id='word_1_205' title='bbox 1009 3152 1048 3216; x_wconf 89' lang='lat' dir='ltr'><strong>ab</strong></span> <span class='ocrx_word' id='word_1_206' title='bbox 1076 3149 1223 3214; x_wconf 89' lang='lat' dir='ltr'><strong>Hesiodo</strong></span> <span class='ocrx_word' id='word_1_207' title='bbox 1252 3166 1381 3231; x_wconf 88' lang='lat' dir='ltr'><strong>quoque</strong></span> 
     </span>
     <span class='ocr_line' id='line_1_28' title="bbox 211 3250 1383 3344; baseline 0.005 -30"><span class='ocrx_word' id='word_1_208' title='bbox 211 3250 344 3337; x_wconf 81' lang='lat' dir='ltr'><strong>(Theog.</strong></span> <span class='ocrx_word' id='word_1_209' title='bbox 378 3277 407 3320; x_wconf 89' lang='lat' dir='ltr'><strong>v.</strong></span> <span class='ocrx_word' id='word_1_210' title='bbox 436 3261 513 3340; x_wconf 83' lang='lat'>444)</span> <span class='ocrx_word' id='word_1_211' title='bbox 554 3264 768 3344; x_wconf 85' lang='lat' dir='ltr'><strong>componitur.</strong></span> <span class='ocrx_word' id='word_1_212' title='bbox 827 3261 890 3327; x_wconf 89' lang='lat' dir='ltr'><strong>Sed</strong></span> <span class='ocrx_word' id='word_1_213' title='bbox 928 3263 965 3324; x_wconf 91' lang='lat' dir='ltr'><strong>iu</strong></span> <span class='ocrx_word' id='word_1_214' title='bbox 1005 3261 1067 3323; x_wconf 91' lang='lat' dir='ltr'><strong>hoc</strong></span> <span class='ocrx_word' id='word_1_215' title='bbox 1101 3256 1251 3322; x_wconf 89' lang='lat' dir='ltr'><strong>Hecatae</strong></span> <span class='ocrx_word' id='word_1_216' title='bbox 1293 3257 1383 3322; x_wconf 90' lang='lat' dir='ltr'><strong>cultu</strong></span> 
     </span>
    </p>
   </div>
   <div class='ocr_carea' id='block_1_2' title="bbox 209 3431 421 3443">
    <p class='ocr_par' dir='ltr' id='par_1_2' title="bbox 209 3431 421 3443">
     <span class='ocr_line' id='line_1_29' title="bbox 209 3431 421 3443; baseline -0.005 1"><span class='ocrx_word' id='word_1_217' title='bbox 209 3431 421 3443; x_wconf 39' lang='grc' dir='ltr'><strong>’,ἡ</strong></span> 
     </span>
    </p>
   </div>
   <div class='ocr_carea' id='block_1_3' title="bbox 207 3533 1382 4504">
    <p class='ocr_par' dir='ltr' id='par_1_3' title="bbox 285 3533 610 3614">
     <span class='ocr_line' id='line_1_30' title="bbox 285 3533 610 3614; baseline 0.025 -22"><span class='ocrx_word' id='word_1_218' title='bbox 285 3533 610 3614; x_wconf 77' lang='lat' dir='ltr'><strong>¹JP.v11,18,12sq.</strong></span> 
     </span>
    </p>

    <p class='ocr_par' dir='ltr' id='par_1_4' title="bbox 283 3624 953 3706">
     <span class='ocr_line' id='line_1_31' title="bbox 283 3624 953 3706; baseline 0.01 -24"><span class='ocrx_word' id='word_1_219' title='bbox 283 3624 304 3696; x_wconf 79' lang='lat'><strong>²)</strong></span> <span class='ocrx_word' id='word_1_220' title='bbox 323 3629 356 3684; x_wconf 89' lang='lat' dir='ltr'><strong>cf.</strong></span> <span class='ocrx_word' id='word_1_221' title='bbox 376 3629 537 3698; x_wconf 68' lang='lat' dir='ltr'><strong>Welclren</strong></span> <span class='ocrx_word' id='word_1_222' title='bbox 557 3633 652 3692; x_wconf 85' lang='lat' dir='ltr'><strong>Theol.</strong></span> <span class='ocrx_word' id='word_1_223' title='bbox 672 3633 718 3690; x_wconf 82' lang='lat' dir='ltr'><strong>Gr.</strong></span> <span class='ocrx_word' id='word_1_224' title='bbox 736 3635 758 3700; x_wconf 87' lang='grc' dir='ltr'><strong>Ι,</strong></span> <span class='ocrx_word' id='word_1_225' title='bbox 776 3653 804 3706; x_wconf 92' lang='lat' dir='ltr'><strong>p.</strong></span> <span class='ocrx_word' id='word_1_226' title='bbox 824 3635 875 3689; x_wconf 82' lang='lat'><strong>562</strong></span> <span class='ocrx_word' id='word_1_227' title='bbox 893 3651 953 3703; x_wconf 86' lang='lat' dir='ltr'><strong>sqq.</strong></span> 
     </span>
    </p>

    <p class='ocr_par' dir='ltr' id='par_1_5' title="bbox 283 3712 1266 3792">
     <span class='ocr_line' id='line_1_32' title="bbox 283 3712 1266 3792; baseline 0.012 -20"><span class='ocrx_word' id='word_1_228' title='bbox 283 3714 304 3783; x_wconf 80' lang='lat'><strong>³)</strong></span> <span class='ocrx_word' id='word_1_229' title='bbox 325 3717 399 3774; x_wconf 85' lang='lat' dir='ltr'><strong>Snid.</strong></span> <span class='ocrx_word' id='word_1_230' title='bbox 418 3739 439 3776; x_wconf 88' lang='lat' dir='ltr'><strong>s.</strong></span> <span class='ocrx_word' id='word_1_231' title='bbox 457 3739 485 3776; x_wconf 83' lang='lat' dir='ltr'><strong>v.</strong></span> <span class='ocrx_word' id='word_1_232' title='bbox 502 3715 636 3792; x_wconf 75' lang='grc' dir='ltr'><strong><em>Ἑαοὶτηνε</em></strong></span> <span class='ocrx_word' id='word_1_233' title='bbox 655 3721 681 3776; x_wconf 82' lang='lat' dir='ltr'><strong>oi</strong></span> <span class='ocrx_word' id='word_1_234' title='bbox 699 3718 748 3790; x_wconf 82' lang='grc' dir='ltr'><strong>μὶν</strong></span> <span class='ocrx_word' id='word_1_235' title='bbox 764 3720 816 3790; x_wconf 81' lang='grc' dir='ltr'><strong>τὴν</strong></span> <span class='ocrx_word' id='word_1_236' title='bbox 827 3717 959 3791; x_wconf 66' lang='lat' dir='ltr'><strong>”Apamia</strong></span> <span class='ocrx_word' id='word_1_237' title='bbox 978 3719 1004 3774; x_wconf 75' lang='lat' dir='ltr'><strong>oi</strong></span> <span class='ocrx_word' id='word_1_238' title='bbox 1022 3715 1052 3773; x_wconf 76' lang='grc' dir='ltr'><strong>δὲ</strong></span> <span class='ocrx_word' id='word_1_239' title='bbox 1068 3715 1120 3786; x_wconf 75' lang='grc' dir='ltr'><strong>τὴν</strong></span> <span class='ocrx_word' id='word_1_240' title='bbox 1137 3712 1266 3783; x_wconf 51' lang='grc' dir='ltr'><strong>Σελήνην·</strong></span> 
     </span>
    </p>

    <p class='ocr_par' dir='ltr' id='par_1_6' title="bbox 207 3800 1382 4143">
     <span class='ocr_line' id='line_1_33' title="bbox 282 3800 1381 3879; baseline -0.01 -16"><span class='ocrx_word' id='word_1_241' title='bbox 282 3803 304 3875; x_wconf 75' lang='lat'><strong>⁴¹)</strong></span> <span class='ocrx_word' id='word_1_242' title='bbox 325 3808 430 3864; x_wconf 83' lang='lat' dir='ltr'><strong>Phoon.</strong></span> <span class='ocrx_word' id='word_1_243' title='bbox 454 3828 480 3865; x_wconf 86' lang='lat' dir='ltr'><strong>v.</strong></span> <span class='ocrx_word' id='word_1_244' title='bbox 504 3811 555 3866; x_wconf 81' lang='lat'><strong>175</strong></span> <span class='ocrx_word' id='word_1_245' title='bbox 579 3828 632 3879; x_wconf 88' lang='lat' dir='ltr'><strong>sq.:</strong></span> <span class='ocrx_word' id='word_1_246' title='bbox 661 3801 684 3862; x_wconf 71' lang='lat' dir='ltr'><strong>oi</strong></span> <span class='ocrx_word' id='word_1_247' title='bbox 706 3806 893 3878; x_wconf 77' lang='grc' dir='ltr'><strong><em>λιπαροζώνου</em></strong></span> <span class='ocrx_word' id='word_1_248' title='bbox 916 3805 1036 3876; x_wconf 74' lang='grc' dir='ltr'><strong><em>θύγατερ</em></strong></span> <span class='ocrx_word' id='word_1_249' title='bbox 1062 3800 1080 3858; x_wconf 72' lang='grc' dir='ltr'><strong>οἱ</strong></span> <span class='ocrx_word' id='word_1_250' title='bbox 1103 3803 1212 3862; x_wconf 83' lang='grc' dir='ltr'><strong><em>Λατοῦς</em></strong></span> <span class='ocrx_word' id='word_1_251' title='bbox 1236 3800 1381 3864; x_wconf 76' lang='grc' dir='ltr'><strong><em>Σελαναία,</em></strong></span> 
     </span>
     <span class='ocr_line' id='line_1_34' title="bbox 207 3900 1382 4052; baseline -0.003 -13"><span class='ocrx_word' id='word_1_252' title='bbox 207 3900 402 4052; x_wconf 49' lang='grc' dir='ltr'><strong>κρυσεξκέἴιέῗ</strong></span> <span class='ocrx_word' id='word_1_253' title='bbox 417 3914 668 4042; x_wconf 33' lang='lat' dir='ltr'><strong>&amp;caedamur</strong></span> <span class='ocrx_word' id='word_1_254' title='bbox 691 3989 720 4041; x_wconf 88' lang='lat' dir='ltr'><strong>ct</strong></span> <span class='ocrx_word' id='word_1_255' title='bbox 735 3985 857 4052; x_wconf 83' lang='grc' dir='ltr'><strong><em>οελῆναι.</em></strong></span> <span class='ocrx_word' id='word_1_256' title='bbox 899 3985 963 4040; x_wconf 81' lang='lat' dir='ltr'><strong>Hos.</strong></span> <span class='ocrx_word' id='word_1_257' title='bbox 989 4001 1009 4038; x_wconf 91' lang='lat' dir='ltr'><strong>s.</strong></span> <span class='ocrx_word' id='word_1_258' title='bbox 1033 4001 1058 4038; x_wconf 88' lang='lat' dir='ltr'><strong>v.</strong></span> <span class='ocrx_word' id='word_1_259' title='bbox 1081 3975 1191 4045; x_wconf 71' lang='grc' dir='ltr'><strong><em>σελήνας</em></strong></span> <span class='ocrx_word' id='word_1_260' title='bbox 1216 3976 1261 4030; x_wconf 81' lang='lat' dir='ltr'><strong>vel</strong></span> <span class='ocrx_word' id='word_1_261' title='bbox 1286 3976 1382 4045; x_wconf 76' lang='lat' dir='ltr'><strong>EuriP·</strong></span> 
     </span>
     <span class='ocr_line' id='line_1_35' title="bbox 207 4073 835 4143; baseline 0.008 -15"><span class='ocrx_word' id='word_1_262' title='bbox 207 4073 241 4128; x_wconf 83' lang='lat' dir='ltr'><strong>fr.</strong></span> <span class='ocrx_word' id='word_1_263' title='bbox 260 4074 313 4129; x_wconf 83' lang='lat'><strong>352</strong></span> <span class='ocrx_word' id='word_1_264' title='bbox 333 4073 487 4143; x_wconf 80' lang='lat' dir='ltr'><strong>(Nauck).</strong></span> <span class='ocrx_word' id='word_1_265' title='bbox 833 4073 835 4077; x_wconf 67' lang='grc'><strong>’</strong></span> 
     </span>
    </p>

    <p class='ocr_par' dir='ltr' id='par_1_7' title="bbox 282 4160 910 4236">
     <span class='ocr_line' id='line_1_36' title="bbox 282 4160 910 4236; baseline 0.003 -18"><span class='ocrx_word' id='word_1_266' title='bbox 282 4160 305 4228; x_wconf 80' lang='lat'><strong>⁶)</strong></span> <span class='ocrx_word' id='word_1_267' title='bbox 325 4165 359 4218; x_wconf 85' lang='lat' dir='ltr'><strong>cf·</strong></span> <span class='ocrx_word' id='word_1_268' title='bbox 377 4165 450 4221; x_wconf 89' lang='lat' dir='ltr'><strong>Plat.</strong></span> <span class='ocrx_word' id='word_1_269' title='bbox 467 4166 534 4236; x_wconf 80' lang='lat' dir='ltr'><strong>Lag.</strong></span> <span class='ocrx_word' id='word_1_270' title='bbox 552 4167 600 4231; x_wconf 84' lang='lat' dir='ltr'><strong>XI,</strong></span> <span class='ocrx_word' id='word_1_271' title='bbox 620 4184 647 4235; x_wconf 91' lang='lat' dir='ltr'><strong>p.</strong></span> <span class='ocrx_word' id='word_1_272' title='bbox 667 4164 719 4219; x_wconf 82' lang='lat'><strong>914</strong></span> <span class='ocrx_word' id='word_1_273' title='bbox 737 4167 760 4216; x_wconf 91' lang='grc' dir='ltr'><strong><em>Β</em></strong></span> <span class='ocrx_word' id='word_1_274' title='bbox 779 4168 807 4220; x_wconf 87' lang='lat' dir='ltr'><strong>et</strong></span> <span class='ocrx_word' id='word_1_275' title='bbox 825 4166 910 4221; x_wconf 88' lang='lat' dir='ltr'><strong>schol.</strong></span> 
     </span>
    </p>

    <p class='ocr_par' dir='ltr' id='par_1_8' title="bbox 208 4247 1382 4413">
     <span class='ocr_line' id='line_1_37' title="bbox 285 4247 1382 4326; baseline -0.005 -18"><span class='ocrx_word' id='word_1_276' title='bbox 285 4252 305 4322; x_wconf 84' lang='lat'><strong>⁷)</strong></span> <span class='ocrx_word' id='word_1_277' title='bbox 324 4255 465 4324; x_wconf 79' lang='lat' dir='ltr'><strong>Aristoph.</strong></span> <span class='ocrx_word' id='word_1_278' title='bbox 489 4256 571 4326; x_wconf 87' lang='lat' dir='ltr'><strong>Vesp.</strong></span> <span class='ocrx_word' id='word_1_279' title='bbox 590 4275 616 4310; x_wconf 86' lang='lat' dir='ltr'><strong>v.</strong></span> <span class='ocrx_word' id='word_1_280' title='bbox 636 4253 695 4320; x_wconf 82' lang='lat'>804,</span> <span class='ocrx_word' id='word_1_281' title='bbox 723 4256 806 4326; x_wconf 86' lang='lat' dir='ltr'><strong>Soph.</strong></span> <span class='ocrx_word' id='word_1_282' title='bbox 825 4255 921 4323; x_wconf 76' lang='lat' dir='ltr'><strong>Antig.</strong></span> <span class='ocrx_word' id='word_1_283' title='bbox 941 4273 966 4310; x_wconf 87' lang='lat' dir='ltr'><strong>v.</strong></span> <span class='ocrx_word' id='word_1_284' title='bbox 987 4253 1064 4319; x_wconf 84' lang='lat'>1199,</span> <span class='ocrx_word' id='word_1_285' title='bbox 1089 4249 1182 4318; x_wconf 82' lang='lat' dir='ltr'><strong>Eurip.</strong></span> <span class='ocrx_word' id='word_1_286' title='bbox 1200 4247 1263 4303; x_wconf 86' lang='lat' dir='ltr'><strong>Hel.</strong></span> <span class='ocrx_word' id='word_1_287' title='bbox 1281 4265 1309 4302; x_wconf 81' lang='lat' dir='ltr'><strong>v.</strong></span> <span class='ocrx_word' id='word_1_288' title='bbox 1329 4247 1382 4302; x_wconf 74' lang='lat'><strong>570</strong></span> 
     </span>
     <span class='ocr_line' id='line_1_38' title="bbox 208 4343 720 4413; baseline -0.002 -15"><span class='ocrx_word' id='word_1_289' title='bbox 208 4344 240 4400; x_wconf 87' lang='lat' dir='ltr'><strong>fr.</strong></span> <span class='ocrx_word' id='word_1_290' title='bbox 259 4345 312 4400; x_wconf 85' lang='lat'><strong>310</strong></span> <span class='ocrx_word' id='word_1_291' title='bbox 332 4343 481 4413; x_wconf 81' lang='lat' dir='ltr'><strong>(Nauck).</strong></span> <span class='ocrx_word' id='word_1_292' title='bbox 518 4347 547 4401; x_wconf 87' lang='grc' dir='ltr'><strong>Ρ.</strong></span> <span class='ocrx_word' id='word_1_293' title='bbox 566 4345 615 4410; x_wconf 86' lang='grc' dir='ltr'>ΙΙΙ,</span> <span class='ocrx_word' id='word_1_294' title='bbox 636 4343 677 4409; x_wconf 86' lang='grc'><strong>14,</strong></span> <span class='ocrx_word' id='word_1_295' title='bbox 695 4345 720 4398; x_wconf 84' lang='lat'><strong>9.</strong></span> 
     </span>
    </p>

    <p class='ocr_par' dir='ltr' id='par_1_9' title="bbox 282 4432 870 4504">
     <span class='ocr_line' id='line_1_39' title="bbox 282 4432 870 4504; baseline 0 -15"><span class='ocrx_word' id='word_1_296' title='bbox 282 4432 303 4504; x_wconf 83' lang='lat'><strong>⁸)</strong></span> <span class='ocrx_word' id='word_1_297' title='bbox 322 4435 357 4491; x_wconf 81' lang='lat' dir='ltr'><strong>cf.</strong></span> <span class='ocrx_word' id='word_1_298' title='bbox 376 4434 527 4502; x_wconf 86' lang='lat' dir='ltr'><strong>Preller,</strong></span> <span class='ocrx_word' id='word_1_299' title='bbox 546 4435 638 4504; x_wconf 87' lang='lat' dir='ltr'><strong>Myth.</strong></span> <span class='ocrx_word' id='word_1_300' title='bbox 658 4433 704 4489; x_wconf 83' lang='lat' dir='ltr'><strong>Gr.</strong></span> <span class='ocrx_word' id='word_1_301' title='bbox 723 4435 744 4501; x_wconf 93' lang='lat' dir='ltr'><strong>I,</strong></span> <span class='ocrx_word' id='word_1_302' title='bbox 763 4453 791 4504; x_wconf 86' lang='lat' dir='ltr'><strong>p.</strong></span> <span class='ocrx_word' id='word_1_303' title='bbox 810 4434 870 4490; x_wconf 76' lang='lat'><strong>324.</strong></span> 
     </span>
    </p>
   </div>
   <div class='ocr_carea' id='block_1_4' title="bbox 0 0 1445 4868">
    <p class='ocr_par' dir='ltr' id='par_1_10' title="bbox 0 0 1445 4868">
     <span class='ocr_line' id='line_1_40' title="bbox 0 0 1445 4868; baseline 0 0"><span class='ocrx_word' id='word_1_304' title='bbox 0 0 1445 4868; x_wconf 95' lang='lat' dir='ltr'><strong> </strong></span> 
     </span>
    </p>
   </div>
   <div class='ocr_carea' id='block_1_5' title="bbox 1433 1605 1437 2706">
    <p class='ocr_par' dir='ltr' id='par_1_11' title="bbox 1433 1605 1437 2706">
     <span class='ocr_line' id='line_1_41' title="bbox 1433 1605 1437 2706; baseline 0 0"><span class='ocrx_word' id='word_1_305' title='bbox 1433 1605 1437 2706; x_wconf 95' lang='lat' dir='ltr'><strong> </strong></span> 
     </span>
    </p>
   </div>
  </div>
 </body>
</html>
