2872 4868
631 280 673 342 29

154 487 282 554 Dianae
314 494 420 554 mater
450 509 469 554 a
497 493 605 574 poetis
629 493 777 557 omnium
800 491 871 556 fere
892 495 1079 575 temporum
1101 494 1238 557 summis

62 595 221 660 laudibus
258 600 373 660 ornata
408 597 575 661 vocitatur
605 597 769 682 Latona,
805 599 847 662 de
885 617 948 679 que
983 598 1061 662 hine
1092 599 1240 664 breviter

64 703 238 766 disseram.
264 699 358 765 'Eius
383 702 523 783 quidem
540 723 662 768 nemen
684 723 751 770 non
775 706 817 770 ad
839 705 906 769 rad.
930 705 1005 766 λαθ-
1027 704 1240 770 referendum

5 831 6 834 ¹
65 828 140 874 esse
175 808 273 889 dueo,
309 827 385 872 oum
413 810 601 874 litterarum
630 812 655 871 θ
684 815 717 876 et
747 830 765 872 ι
794 811 982 876 differentia
1010 811 1145 895 neglegi
1173 831 1240 876 non

61 917 178 1000 possit,
203 910 538 1000 Schweizeri1)vero
563 919 753 1001 opinionem
775 919 922 1003 probem,
946 919 1046 1001 quie
1066 918 1135 983 rad.
1160 919 1239 982 las-

61 1024 82 1087 i.
108 1042 137 1087 e.
163 1041 296 1086 amare
319 1041 443 1087 nomen
464 1022 678 1088 descendisse
693 1029 808 1109 putat.
834 1017 932 1104 Λητώ
955 1023 1058 1107 igitur
1073 1015 1236 1088 ‘amicam’
1264 1100 1266 1103 .

63 1148 108 1193 so.
124 1127 216 1193 Iovis
240 1128 430 1213 significare
455 1147 586 1211 oenseo,
610 1149 709 1211 quam
734 1131 873 1196 eandem
888 1131 1058 1194 notionem
1073 1131 1110 1194 in
1123 1130 1238 1196 Rheae

62 1236 199 1299 nomine
238 1237 350 1301 inesse
390 1254 489 1319 supra
523 1235 830 1303 demonstravimus.
887 1236 1016 1301 Latona
1050 1237 1116 1300 iam
1149 1236 1239 1301 filiae

64 1343 239 1406 simillima
267 1347 418 1427 apparet,
448 1345 486 1405 ut
514 1361 573 1425 par
603 1342 740 1407 dearum
769 1344 929 1426 efficiant,
960 1343 1058 1426 quale
1083 1342 1184 1407 Ceres
1208 1348 1241 1407 et

61 1447 274 1530 Proserpina.
312 1446 429 1530 Neque
454 1449 546 1512 enim
565 1468 639 1514 raro
660 1454 781 1515 matres
801 1454 834 1515 et
849 1450 939 1514 filiae
954 1451 989 1513 in
1005 1451 1239 1534 mythologieis

62 1554 165 1619 rebus
194 1554 310 1619 eadem
336 1558 455 1618 natura
477 1558 554 1618 sunt
576 1557 632 1620 vel
663 1557 798 1621 easdem
826 1559 966 1622 virtutes
995 1556 1158 1639 praebent
1184 1556 1241 1620 vel

62 1661 175 1725 eidem
212 1662 285 1724 viro
325 1666 448 1745 nuptae
492 1680 566 1725 esse
609 1664 836 1746 perhibentur.
895 1663 1051 1728 Ceterum
1095 1664 1240 1726 nominis

63 1766 282 1852 signifieatiO,
316 1787 415 1849 quam
446 1769 635 1851 statuimus,
677 1773 800 1853 optime
835 1770 1010 1836 adiectivis
1046 1767 1239 1831 ornantibus

61 1875 198 1959 probari
212 1877 331 1958 potest,
351 1892 427 1939 eum
443 1869 485 1936 ad
499 1875 792 1960 pulchritudinem,
817 1895 902 1960 quae
918 1878 954 1940 in
971 1875 1080 1938 amiea
1094 1876 1240 1938 maxime

62 1981 194 2046 laudari
217 1982 311 2063 solet,
335 1982 406 2046 fere
430 1981 543 2045 omnia
564 1983 764 2064 pertineant.
804 1982 859 2048 Sia
881 1987 1015 2048 ornatur
1037 1981 1077 2045 ab
1094 1980 1240 2047 Homero

62 2088 131 2152 his:
155 2078 302 2168 ἠύκομος
325 2086 368 2170 (Α
392 2087 444 2168 36,
472 2087 503 2148 Τ
520 2087 596 2168 413,
619 2086 639 2146 λ
661 2084 750 2174 318),
773 2081 1029 2171 καλλιπλόκαμος
1052 2086 1095 2169 (h.
1118 2089 1154 2151 in
1176 2088 1240 2172 Ap.

64 2194 140 2258 Del.
160 2190 246 2275 101),
269 2188 486 2275 καλλιπάρῃος
509 2191 556 2272 (a
578 2191 665 2276 607),
689 2187 838 2274 ἐρικύᾶης
861 2188 905 2273 (Ξ
924 2191 1010 2275 327),
1033 2185 1113 2266 Διὸς
1134 2190 1240 2275 κυὸρη
1267 2255 1269 2258 ,

62 2292 253 2378 παράκοιτις
276 2295 307 2378 (λ
323 2296 409 2382 580),
433 2296 474 2361 ab
491 2296 638 2363 Hesiodo
658 2293 891 2382 κυανόπεπλος,
916 2298 1093 2365 aPindaro
1110 2301 1241 2379 λιπαρο-

62 2396 230 2482 πλάκαμος
263 2402 312 2485 (fr.
337 2405 379 2468 58
409 2402 561 2489 Boeekh)
597 2400 789 2484 βαθύζωνος
819 2401 870 2486 (fr.
895 2403 966 2489 59),
999 2399 1241 2487 χρυσαλάκατος

63 2509 116 2584 (fr.
143 2509 230 2592 116),
260 2503 363 2573 κλυτά
391 2510 442 2593 (fr.
468 2509 537 2594 82),
570 2513 611 2575 ab
644 2510 870 2595 Aristophane
900 2511 1065 2591 χρυοῶπις
1097 2508 1239 2592 (Thesm.

61 2637 92 2682 v.
111 2615 178 2700 32).
217 2616 280 2681 His
305 2618 440 2699 quidem
462 2616 565 2682 rebus·
578 2617 749 2683 Weleheri
772 2618 883 2701 opinio
901 2616 1088 2682 confirmari
1106 2616 1241 2680 videtur

62 2722 134 2806 (Th.
160 2722 214 2788 Gr.
229 2721 257 2807 I,
280 2744 311 2808 p.
334 2723 428 2808 239);
452 2723 534 2788 Leto
559 2722 641 2806 (und
660 2722 762 2808 Maia)
786 2723 861 2788 sind
883 2725 940 2788 nie
962 2720 1242 2806 Naturgettinnen
1318 2750 1319 2753 ¹

62 2849 232 2914 gewesen,
266 2830 342 2895 sind
372 2831 458 2896 aueh
490 2831 585 2895 nieht
618 2831 721 2897 sehon
752 2829 868 2896 frhh'er
896 2829 1138 2911 norhandene,
1154 2826 1240 2890 aueh

63 2937 161 3001 nieht
182 2937 219 3000 in
241 2936 295 3002 die
319 2935 467 3020 Spraehe
491 2935 769 3022 ubergegangene
792 2935 934 3019 Namen,
958 2935 1101 3000 sondern
1119 2935 1241 3017 eigans

63 3043 270 3128 ausgedaeht
291 3045 440 3124 worden,
465 3061 526 3106 um
554 3044 608 3109 die
634 3047 825 3128 genannten
848 3042 966 3108 Getter
988 3059 1053 3104 von
1075 3038 1161 3103 Zeus
1185 3038 1241 3102 ab·

62 3150 227 3233 zuleitsn,
255 3150 369 3214 indam
397 3169 474 3215 man
505 3151 564 3215 das
594 3170 659 3215 von
687 3149 766 3214 Gott
792 3149 861 3213 und
883 3148 971 3214 Erde
999 3147 1241 3231 hergebraohte

62 3257 316 3340 unaustilgbare
340 3256 417 3323 Bild
446 3258 506 3322 der
533 3257 605 3324 Ehe
638 3259 718 3324 oder
740 3255 900 3340 Zeugrmg
929 3255 1124 3320 beibehiel.
1175 3251 1241 3316 Sed

62 3368 179 3429 tamen
201 3364 280 3427 huie
304 3366 583 3448 argumentationi
597 3385 664 3430 non
679 3365 851 3448 assentior,
876 3382 951 3428 eum
965 3363 1053 3427 tales
1069 3362 1241 3425 nominum

63 3471 218 3536 fictiones
242 3471 474 3554 antiquissima
498 3477 607 3539 aetate
629 3473 690 3536 vix
712 3471 906 3537 statuendae
931 3471 1007 3534 sint.
1048 3465 1240 3532 Immo'ali-

65 3578 145 3644 aubi
175 3582 336 3642 terrarum
366 3581 531 3662 quondam
561 3578 723 3643 Latonam
758 3579 881 3642 cultam
917 3595 991 3642 esse
1021 3572 1241 3639 verisimilius

64 3679 158 3768 est2).
202 3683 387 3770 Mythologi
409 3704 490 3750 vero
515 3686 739 3768 antiquissimi
760 3702 882 3767 nempe
904 3686 1023 3767 poetae
1045 3679 1121 3744 ideo
1145 3677 1240 3740 deam

63 3791 190 3856 fabulis
213 3791 396 3857 insenuisse
419 3793 583 3875 videntur,
608 3793 695 3874 quod
714 3791 863 3856 Latonae
885 3808 1008 3853 nomen
1031 3786 1072 3851 ad
1093 3782 1241 3849 tenebri-

64 3917 179 3962 cosam
209 3902 342 3961 nootem
372 3900 542 3982 pertinere
562 3897 772 3974 'censebant;
802 3902 932 3962 noetem
960 3895 1049 3960 enim
1081 3909 1155 3956 esse
1182 3908 1239 3973 pa·

143 4090 165 4160 ¹)
184 4090 299 4157 Kahn,
317 4091 447 4147 zeitschr.
465 4089 485 4147 f.
504 4092 591 4162 vergi.
610 4091 745 4162 Spraohf.‚
761 4091 797 4158 Π,
815 4109 843 4161 p.
863 4090 905 4146 68.
942 4086 1111 4152 Vanieek,
1130 4083 1240 4140 (tn-lat.

63 4181 183 4252 etymol.
192 4178 333 4234 Wdrterb·
351 4197 380 4249 p.
394 4178 445 4232 770
464 4181 493 4235 et
510 4182 570 4237 not.
583 4180 608 4239 7.
637 4180 668 4236 Ε.
681 4181 718 4234 Μ.
731 4198 790 4236 sv.
803 4174 893 4247 Λητώ.
925 4178 959 4233 ef.
972 4176 1044 4232 Plat
1058 4174 1130 4231 Orat.
1143 4172 1239 4230 4061:

62 4264 145 4339 Λητά
172 4261 202 4320 dh
225 4261 282 4318 άπὸ
304 4266 353 4334 τῆς
373 4262 528 4336 πραότητος
549 4265 599 4334 τῆς
624 4267 703 4331 θεοῦ,
726 4264 798 4320 κατὰ
817 4262 850 4319 τὸ
872 4260 1025 4334 ἐθελήμονα
1042 4257 1120 4326 εἶναι,
1144 4248 1184 4315 ὧν
1204 4279 1240 4314 αα

61 4373 107 4420 τις
124 4349 228 4422 δέομαι.

142 4439 164 4510 ²)
181 4441 330 4508 Preller,
348 4439 438 4510 Myth.
457 4438 503 4496 Gr.
521 4439 544 4508 1,
562 4458 590 4510 p.
611 4439 661 4496 190
679 4457 721 4508 sq.
