2872 4868
621 278 662 341 67

145 489 257 573 Vulgo
292 495 402 554 autem
434 492 519 555 hano
553 493 809 576 parturientium
848 492 944 557 deam
982 489 1231 573 Ilithyiam¹)

64 595 177 660 Graeci
206 596 421 661 nominabant
451 599 518 662 iam
546 599 685 664 Homeri
716 599 930 683 temporibus,
960 600 1017 682 qui
1048 604 1082 663 et
1109 599 1232 682 plurali
1294 661 1295 664 ,

60 722 195 768 numero
220 702 375 785 Ilithyias
399 700 542 787 laudat²l
567 709 600 770 et
623 705 759 770 Iunonis
782 706 870 771 filias
887 725 944 770 eas
959 701 1079 787 facit³).
1126 703 1231 780 Quam

59 810 97 874 ob
121 829 195 874 rem
219 815 253 874 et
278 812 355 893 quia
377 810 459 876 Iuno
484 793 611 876 duobus
634 813 717 878 locis
741 810 908 895 Ilithyia4)
932 814 1126 897 appellatur,
1158 831 1232 877 eam

59 915 196 983 Iunonis
223 919 318 999 quasi
340 918 534 1002 hypostasin
558 939 632 984 esse
655 921 839 1003 mythologi
863 915 1034 1004 excepto⁵)
1063 918 1231 984 Gerhardo

58 1029 275 1106 censuerunt,
300 1025 356 1107 qui
378 1024 505 1089 Dianae
529 1026 725 1090 similiorem
749 1045 822 1090 eam
846 1044 920 1090 esse
944 1026 1040 1090 dixit.
1084 1027 1136 1089 Ac
1158 1044 1232 1109 pro-

57 1130 145 1195 fecto
169 1130 329 1213 Ilithyiae
348 1151 474 1195 1111111011
498 1151 516 1196 0
539 1132 667 1197 Dianae
691 1134 923 1216 antiquissima
945 1134 1058 1216 specie
1083 1133 1230 1196 evasisse

55 1237 199 1302 videtur
244 1239 393 1303 Primum
422 1241 512 1303 enim
538 1238 616 1304 Deli
639 1239 778 1321 ilithyia
806 1241 988 1322 antiquitus
1020 1235 1231 1320 colebatur⁶l‚

55 1344 92 1406 in
115 1363 216 1426 quam
233 1343 316 1424 Olen
338 1345 502 1428 quondam
524 1349 685 1426 hymnum
709 1346 895 1411 condidisse
919 1347 1033 1430 fartim,
1057 1348 1093 1410 in
1114 1345 1231 1410 eadem

56 1450 178 1534 insula,
202 1451 260 1515 ubi
274 1451 403 1516 Dianae
424 1454 531 1518 cultus
549 1472 592 1517 ex
608 1454 849 1535 antiquissimis
865 1453 1069 1536 temporibus
1084 1452 1229 1536 vigebat,

56 1559 90 1618 et
120 1575 164 1620 ex
191 1556 419 1641 Hyperboreis
450 1557 546 1622 deam
574 1558 615 1622 ad
637 1557 784 1624 Latonae
812 1563 944 1643 partum
973 1560 1106 1623 venisse
1136 1559 1231 1623 fabu-

57 1659 257 1744 labanturh:
281 1664 371 1728 idom
387 1664 428 1728 de
443 1665 533 1748 Argo
555 1669 590 1729 ot
605 1662 668 1749 Opi
682 1665 909 1750 Hyperboreis
925 1665 1120 1748 virginibus,
1146 1685 1230 1747 quae

56 1767 142 1832 deae
169 1771 274 1852 ipsius
305 1774 435 1854 species
459 1776 551 1854 aunt,
582 1772 787 1836 narrabatur.
832 1770 949 1854 Itaque
973 1771 1156 1835 verisimile
1181 1775 1231 1836 est

54 1875 135 1940 deas
163 1875 241 1940 Deli
272 1879 378 1942 cultas
411 1883 444 1942 et
471 1878 611 1943 eandem
637 1882 790 1946 neumam
818 1878 1027 1958 exhibentes,
1057 1876 1230 1958 Ilithyiam

57 1986 93 2045 et
114 1981 259 2049 Dianam
280 1983 427 2066 Deliam,
456 1986 498 2050 ad
524 2005 629 2050 unum
651 1988 815 2050 vetustius
838 2004 976 2066 numen,
1007 1984 1093 2066 quod
1116 1983 1229 2050 ambas

55 2090 250 2172 amplexum
265 2093 317 2175 sit,
334 2093 526 2156 referendas
543 2111 627 2158 esse.
654 2092 785 2157 Deinde
798 2091 935 2176 Spartae
951 2110 1080 2173 quoque
1096 2096 1231 2175 propter

59 2191 196 2262 Orthiae
225 2197 340 2264 fanum
366 2198 526 2280 Ilithyiae
560 2199 659 2264 aedes
694 2204 766 2264 erat
799 2200 924 2264 oraculi
954 2198 1111 2281 Delphici
1137 2199 1231 2262 iussu

54 2299 228 2386 condita⁸).
272 2304 359 2372 Iem
381 2307 481 2390 Argis
504 2305 662 2387 Ilithyiae
691 2306 806 2371 fanum
835 2305 901 2370 fuit
928 2304 1016 2370 haud
1044 2305 1160 2388 procul
1188 2304 1228 2368 ab

54 2407 208 2474 Hecatae
237 2410 313 2475 fano
344 2412 525 2495 conditum,
559 2415 597 2476 ut
631 2411 695 2476 duo
725 2413 792 2491 illa
816 2411 942 2495 templa
970 2409 1119 2475 eiusdem
1149 2410 1229 2475 deae

55 2515 162 2580 fuisse
185 2517 349 2601 videntur,
373 2518 433 2582 sed
456 2518 497 2582 ab
522 2517 662 2582 diversis
686 2518 841 2602 gentihus
865 2513 1034 2599 condita9).
1069 2515 1231 2602 Ilithyiae

58 2625 150 2687 enim
167 2625 336 2703 sacellum,
360 2624 447 2707 quod
461 2625 594 2690 Helena
610 2625 797 2690 condidisse
812 2625 926 2708 fertur,
948 2623 1111 2707 Lelegum
1126 2623 1230 2688 firisse

55 2732 256 2813 putaverim.
306 2729 356 2794 De
382 2730 531 2796 Hecatae
567 2731 702 2814 quidem
734 2733 853 2815 templi
887 2732 1013 2813 origine
1048 2729 1230 2794 Pausanias

56 2838 145 2900 nihil
177 2837 326 2921 tradidit,
369 2856 470 2919 quare
507 2839 679 2920 opiniones
711 2838 859 2922 proferre
892 2837 1093 2902 desistimus.
1148 2834 1230 2898 Tum

55 2942 207 3027 Ilithyia,
223 2963 308 3026 quae
324 2963 400 3009 cum
414 2945 550 3010 numine
566 2942 709 3027 Sosipcli
730 2946 898 3010 nominato
916 2943 1041 3007 cultum
1057 2940 1229 3025 Olympiae

57 3051 306 3114 sanctissimum
328 3045 534 3132 habebat10),
557 3049 686 3114 Dianae
708 3047 899 3132 bellicosae,
922 3049 963 3112 de
986 3067 1052 3130 qua
1073 3048 1161 3112 infra
1183 3047 1232 3110 di·

57 3157 201 3220 cendum
223 3157 322 3221 nobis
343 3160 402 3240 est,
427 3155 608 3220 consimilis
631 3155 776 3239 videtin,
802 3175 877 3220 cum
900 3154 940 3220 ab
964 3154 1057 3220 Eleis
1080 3153 1228 3220 Arcades

55 3263 250 3328 defendisse
272 3263 426 3328 tradatur.

130 3562 152 3630 ¹)
174 3563 208 3619 cf.
227 3563 374 3631 Preller,
397 3563 486 3632 Myth.
505 3562 552 3620 Gr.
575 3564 597 3632 1,
623 3582 650 3633 p.
669 3562 730 3618 421.
767 3561 809 3618 De
832 3561 1003 3632 etymologia
1028 3560 1062 3616 ef.
1086 3560 1229 3627 Goebel,

52 3653 121 3708 Lex.
140 3652 177 3719 II,
195 3670 223 3723 p.
243 3654 302 3708 119.
920 3677 921 3682 ¹

129 3739 252 3810 2)Ηο111.
272 3745 305 3809 Σ,
325 3762 351 3798 v.
372 3741 431 3796 119.

129 3829 151 3897 ³)
172 3835 195 3898 I,
214 3851 239 3886 v.
259 3829 319 3886 271.
357 3832 392 3887 cf.
410 3831 441 3886 P.
460 3831 482 3901 1,
501 3828 542 3897 18,
562 3833 587 3886 5.

128 3917 152 3984 4)
171 3919 206 3975 cf.
224 3920 370 3987 Preller,
389 3921 408 3974 l.
428 3921 447 3974 l.
465 3923 523 3974 not.
542 3917 568 3976 2.

128 4005 150 4075 ⁵)
171 4007 205 4062 cf.
223 4008 389 4065 Prodromua
407 4025 435 4078 p.
453 4008 487 4063 33
505 4025 546 4076 aq.

128 4093 350 4165 DPLfflss.
1104 4133 1107 4137 -

129 4187 150 4256 ⁷)
169 4186 338 4254 Herole,
357 4188 399 4242 35.
437 4182 997 4256 0111111111.Ηο111.111Αο011.1.115.Ι
1087 4219 1089 4226 .

128 4275 151 4343 8)
171 4275 202 4331 P.
221 4275 270 4344 III,
290 4275 332 4344 17,
352 4276 376 4331 1.
414 4276 449 4331 cf.
466 4278 611 4347 praeterea
629 4273 679 4341 ΠΙ,
698 4273 740 4342 14,
759 4276 783 4328 6.

127 4362 411 4434 hammam

114 4453 151 4522 ¹⁰)
172 4453 203 4508 P.
223 4451 271 4516 VI,
289 4450 332 4520 20,
351 4453 429 4510 2-5.
