2872 4868
73 88 174 182 leges
204 117 335 181 quoque
363 101 581 182 institutaque
610 102 700 166 tueri
727 119 800 166 eam
829 101 988 182 homines
1023 103 1080 182 qui
1109 103 1253 168 civitatis

72 197 210 289 legibus
237 207 343 271 vitam
370 207 612 289 ordinaverant,
645 207 842 291 cogitabant.
887 206 1007 290 Itaque
1032 208 1071 272 ab
1089 209 1253 298 ¹eruditio·

71 313 170 376 ribus
194 313 350 396 gantibus
372 332 439 378 uon
462 314 569 379 solum
591 315 812 378 naturae'sed
841 316 942 378 etiam
965 315 1099 380 urbium
1127 317 1252 399 legum-

72 435 141 500 que
165 420 273 484 tutela
296 420 406 484 eidem
428 421 511 484 deae
535 421 792 487 adscribebatur.
838 423 955 503 Aeque
985 423 1092 488 cultus
1122 441 1251 506 quoque

71 527 264 592 custodiam
296 526 377 590 deae
406 527 554 592 officium
585 547 660 593 esse
689 529 840 594 homines
872 528 1126 611 arbitrabantur,
1157 535 1252 594 utet

69 635 285 698 oraculorum
320 638 354 698 et
387 636 468 702 artis
501 637 658 718 musicae,
695 637 788 700 cuius
815 655 895 700 usus
923 638 960 700 in
991 636 1126 700 deorum
1158 638 1250 700 cultu

67 742 272 824 praecipum
289 747 368 823 erat,
384 741 588 824 praesidium
604 742 686 806 deae
702 742 884 807 deferrent:
902 742 990 808 unde
1001 745 1252 825 antiquissimae

65 845 206 912 Dianae
241 854 373 931 praeter
404 849 550 914 ethicam
586 850 687 914 etiam
713 851 874 914 musicam
903 850 1067 933 quandam
1100 856 1251 914 naturam

64 954 279 1020 imbuebant.
622 1019 623 1024 ,

164 1060 238 1126 Has
261 1063 328 1126 iam
351 1061 477 1126 Dianae
500 1063 630 1127 indoles
645 1064 809 1146 imprimis
823 1063 975 1147 Phryges
1002 1065 1250 1147 conservabant,

66 1187 218 1251 quorum
241 1187 369 1233 summa
392 1169 464 1245 dea,
487 1169 590 1253 Rhea,
622 1153 819 1236 nouaclum
840 1178 975 1255 propter
998 1177 1135 1236 naturae
1158 1193 1252 1256 prae-

66 1276 200 1340 sidium
224 1275 283 1340 sed
307 1277 407 1340 etiam
430 1281 566 1361 propter
587 1277 720 1342 urbium
742 1280 881 1342 tutelam
898 1297 1029 1361 semper
1044 1278 1248 1361 laudabatur,

67 1401 179 1464 quare
214 1387 329 1465 postea
362 1385 399 1446 in
434 1385 539 1468 signis
573 1386 737 1467 trurigera
771 1385 849 1449 ficta
884 1390 934 1448 est
952 1383 974 1465 ).
1029 1384 1155 1448 Eadem
1190 1385 1252 1448 dea

66 1489 229 1556 leonibus
267 1491 388 1574 stipata
426 1479 632 1575 cogitabatur
668 1493 725 1557 vel
762 1492 883 1556 iisdem
920 1495 1018 1556 vecta
1055 1492 1092 1554 in
1124 1491 1249 1556 tabulis

68 1597 216 1679 sculptis
255 1600 289 1660 ct
324 1599 424 1680 pictis
462 1598 657 1682 fingebatur.
712 1598 807 1662 idem
845 1599 969 1662 animal
1009 1598 1250 1664 attribuebatur

69 1704 166 1784 deae,
203 1722 287 1784 quae
322 1705 363 1768 ab
399 1705 662 1770 Atheniensibus
696 1701 819 1786 Μήτηρ
852 1704 946 1768 Θεῶν
981 1700 1250 1788 appellabatur2).

69 1809 156 1873 Rius
180 1829 261 1874 vero
282 1812 453 1894 templum,
484 1809 655 1896 Μητρῷον
677 1813 890 1896 appellatum,
919 1812 960 1876 ab
985 1811 1249 1875 Atheniensibus

69 1920 108 1980 in
130 1917 306 2001 republica
330 1919 590 1982 administranda
613 1918 841 1999 adhibebatur,
866 1937 942 1982 curn
966 1937 1080 1983 omnes
1105 1919 1249 1982 civitatis

71 2025 167 2108 leges
190 2024 316 2088 tabulis
338 2027 516 2110 inscriptas
539 2026 588 2089 ibi
611 2026 823 2110 deponerent.
867 2025 973 2090 Recte
996 2027 1064 2089 iarn
1079 2027 1144 2088 viri
1160 2026 1249 2090 docti

73 2130 295 2213 opinabantur
326 2107 415 2196 hunc
437 2131 554 2196 Matris
587 2132 724 2196 deorum
752 2132 877 2196 cultum
906 2149 973 2196 non
998 2132 1039 2196 ad
1061 2133 1247 2197 Asiaticam

37 2277 40 2282 -
71 2238 271 2320 religionem
302 2237 518 2301 referendum
548 2257 622 2304 osse
652 2239 711 2303 sed
738 2241 905 2323 propriam
928 2241 964 2303 in
989 2259 1027 2304 eo
1052 2241 1143 2303 cultu
1167 2241 1250 2303 anti·

72 2345 334 2426 quissimamquc
366 2344 516 2408 eiusdem
544 2346 637 2429 deae,
672 2365 757 2428 quae
784 2347 879 2410 Rhea
909 2349 961 2428 sit,
995 2347 1135 2410 formam
1165 2365 1251 2408 oom-

74 2469 207 2534 parere,
240 2463 324 2532 quae
360 2450 497 2515 Graecis
534 2471 602 2516 non
635 2454 734 2536 plane
773 2454 883 2516 aliena
912 2453 1021 2515 fuerit.
1078 2450 1251 2534 Olympiae

73 2576 204 2639 quoque
235 2539 388 2622 Metroon
423 2563 503 2638 erat,
539 2558 625 2640 quod
654 2557 776 2642 Pelops
812 2557 999 2622 condidisse
1035 2553 1180 2638 fertur3),
1216 2562 1251 2621 et

71 2663 237 2728 Pindarus
271 2669 404 2748 praeter
440 2684 555 2729 omnes
589 2665 669 2729 deos
697 2655 861 2729 ‘Matrem’
896 2661 1117 2747 honorabat4),
1152 2683 1250 2746 quam

72 2771 171 2834 deam
193 2773 403 2854 peregrinam
427 2771 531 2836 fuisse
555 2773 612 2836 vix
636 2772 796 2836 credibile
820 2777 878 2836 est.

162 2878 284 2952 Adhuc
300 2878 433 2960 quidem
449 2879 634 2962 mythologi
649 2878 795 2943 nondum
812 2879 884 2952 ausi
900 2882 987 2942 sunt
1001 2879 1087 2942 hanc
1111 2879 1246 2943 deorum

71 2989 214 3049 matrem
247 2985 289 3047 ad
322 2984 465 3049 Dianam
498 2985 638 3068 referre,
678 2986 764 3067 quod
801 2986 900 3049 huius
940 2985 1023 3049 deae
1062 2986 1243 3050 secuudum

71 3096 245 3176 poetarum
268 3091 384 3156 laudes
404 3094 631 3176 virginitatem
645 3094 812 3176 propriam
829 3111 902 3157 esse
919 3112 1034 3156 omnes
1052 3093 1242 3157 censebant:

71 3206 236 3281 attamen,
270 3218 345 3262 cum
377 3216 477 3282 supra
502 3197 630 3264 Dianae
661 3201 882 3283 principalem
911 3203 1064 3262 naturam
1090 3204 1248 3280 tanquam

72 3305 195 3370 Terrae
212 3306 328 3368 matria
345 3305 634 3395 explicaverimuS,
657 3297 719 3388 per
740 3324 777 3370 se
799 3305 1007 3388 intellegitru
1032 3307 1133 3368 etiam
1154 3305 1249 3368 illam

147 3532 168 3598 ¹)
189 3535 225 3588 cf.
244 3534 400 3599 Preller,
419 3533 507 3601 Myth.
527 3532 573 3588 Gr.
592 3533 613 3598 l,
633 3551 659 3602 p.
680 3533 741 3588 530.

147 3621 169 3692 ²)
189 3624 223 3678 cl.
243 3623 364 3689 (lonae,
383 3623 550 3692 Archaolog.
569 3623 656 3693 Zeitg.
676 3621 754 3690 1880,
772 3622 836 3678 fasc
856 3622 877 3678 l.
915 3621 1004 3678 Garol.
1024 3620 1176 3686 Curtius,
1195 3621 1250 3675 Das

70 3713 209 3778 Metroon,
230 3711 308 3768 1868.

148 3798 167 3867 ³)
185 3800 216 3854 P.
235 3800 269 3864 V,
289 3800 332 3865 20,
352 3800 377 3854 5.

146 3886 169 3956 ⁴)
189 3889 224 3942 cf.
242 3887 325 3956 Pyth.
344 3887 515 3953 111,v.137:
535 3880 588 3940 ἀλλ’
608 3883 778 3953 ἐπεύξασθαι
795 3885 844 3954 μὲν
862 3884 930 3955 ἐγών
949 3883 1033 3940 ἐθέλω
1054 3887 1058 3952 Ι
1078 3887 1180 3953 Ματρί,
1199 3885 1251 3940 τὰν

70 3978 172 4045 κοῦραι
189 3969 251 4040 παρ’
271 3969 337 4040 ἐμὸν
347 3971 492 4043 πρόθυρον
510 3970 560 4026 σὺν
573 3967 645 4028 Πανὶ
655 3970 802 4041 μέλπονται
812 3971 893 4040 θαμὰ
909 3974 913 4040 Ι
929 3971 1028 4040 σεμνὰν
1040 3971 1108 4028 θεὸν
1120 3971 1249 4041 ἐννύχιαι

71 4065 107 4121 cf.
126 4060 264 4118 Booclrh
282 4060 363 4128 Expl.
381 4061 461 4116 Pind.
481 4081 508 4131 p·
528 4061 589 4117 314.

1020 4172 1038 4221 ‘l
