2872 4868
547 11 759 18 ———...-—

74 145 205 200 censere
228 133 304 196 illos
329 151 455 203 novum¹
473 134 672 216 imposuisse
694 133 771 198 urbi
793 152 925 216 nomen,
948 135 969 196 i.
986 153 1013 196 e.
1029 133 1237 217 Ephesum.

70 232 106 302 In
129 237 288 302 Semitica
320 241 409 302 enim
441 239 556 322 lingua
586 248 661 311 ool<
691 239 817 324 (ephes)
841 241 930 304 idem
954 242 1012 322 est,
1042 239 1128 321 quod
1151 227 1237 321 finis,

69 363 151 426 quae
174 365 241 409 vox
265 347 412 429 exempli
435 349 541 430 gratia
563 347 686 430 legitur
700 349 736 411 in
752 347 879 412 Psalmi
901 349 933 423 2,
956 367 986 410 v.
1004 348 1038 426 83
1063 348 1115 426 22,
1138 366 1168 409 v.
1185 347 1237 409 28.

63 451 220 536 Ephesus
235 455 339 537 igitur
353 452 550 534 Babyloniis
574 456 669 535 quasi
691 454 768 518 finis
793 459 863 518 erat
885 458 1056 535 terrarum,
1081 452 1237 534 adquam

62 561 273 625 occidentem
307 579 423 624 versus
460 563 629 645 progressi
666 565 896 644 pervenerant
959 559 1061 624 Tertii
1093 559 1237 640 denique

55 687 123 751 per
152 687 243 732 mare
272 668 447 752 Aegaeum
473 669 655 732 transvecti
681 667 780 732 lones
809 668 1022 749 advenerunt,
1058 668 1116 749 qui
1143 668 1237 730 iuxta

54 777 193 858 priores
218 775 389 839 domicilia
417 773 646 837 exstruebant.

152 881 304 946 Historia
335 882 460 964 Ephesi
495 881 588 944 urbis
621 880 816 945 adumbrata
849 881 918 945 iam
953 879 1035 944 deae
1070 879 1238 963 Ephesiae

52 993 217 1052 naturam
242 992 276 1052 et
299 989 425 1052 cultum
448 988 551 1051 facile
574 989 824 1071 intellegemus,
866 987 1000 1051 Incolae
1018 989 1133 1076 primi,
1157 1004 1239 1068 quos

55 1095 207 1158 Guhlius
231 1094 392 1178 Pelasgos
413 1096 570 1174 nominat,
595 1095 692 1158 deam
714 1095 806 1158 illam
829 1102 970 1158 matrem
984 1094 1238 1175 venerabantur,

55 1221 150 1284 quae
167 1207 201 1266 ct
215 1206 324 1266 terrae
342 1206 375 1265 et
389 1203 497 1265 noctis
510 1203 660 1284 speciem¹
668 1201 860 1285 praebebat,
867 1197 1012 1282 Ἄρτεμις
1026 1202 1238 1282 nominatam,

55 1327 206 1390 cumque
232 1309 292 1372 illa
314 1311 407 1392 regio
431 1310 467 1372 in
492 1307 622 1389 Caystri
646 1309 771 1372 alluvie
795 1327 926 1389 aquosa
942 1312 1038 1390 esset,
1063 1307 1104 1371 ad
1120 1326 1240 1389 aquam

56 1435 129 1479 non
153 1417 264 1480 minus
289 1415 371 1479 deae
394 1417 464 1479 vim
486 1417 654 1499 pertinere
679 1412 906 1498 cogitabant1).
953 1413 1035 1478 (lum
1059 1433 1137 1478 vero
1153 1412 1239 1494 Lydi

57 1524 296 1605 accessissent,
333 1524 505 1587 Asiaticae
541 1524 715 1604 religionis
755 1523 976 1586 caerimoniae
1016 1520 1239 1584 afferebantur

58 1634 238 1711 statuaque
277 1629 359 1692 deae
393 1630 467 1712 ipsa
500 1630 650 1693 Asiatico
688 1648 778 1693 more
808 1629 967 1709 symbolis
997 1629 1175 1692 cumulatis
1203 1629 1239 1691 in

52 1741 307 1800 ‘monstruosam
344 1737 438 1799 illam
477 1737 624 1819 speciem
662 1736 758 1817 abiit,
809 1755 908 1817 quam
946 1733 1067 1798 Graeci
1105 1739 1239 1817 propter

60 1845 276 1907 sanctitatem
307 1843 463 1926 imaginis
497 1843 744 1906 conservabant.
789 1840 888 1905 Iones
924 1841 1044 1905 deinde
1082 1840 1237 1922 advenae,

60 1953 118 2032 qui
143 1950 398 2014 similitudinem
422 1951 521 2013 huius
545 1951 640 2030 quasi
664 1949 885 2032 degeneratae
914 1948 997 2011 deas
1022 1952 1056 2012 et
1077 1947 1238 2010 naturalis

60 2061 213 2140 ipsorum
242 2056 368 2121 Dianae
402 2057 547 2121 abnuere
581 2075 651 2120 non
681 2060 874 2139 potuerunt3
909 2060 1067 2137 tanquam
1095 2054 1239 2137 patrium

59 2169 264 2248 receperunt
291 2169 324 2228 et
355 2169 633 2228 conservaverunt
659 2163 787 2227 Dianae
819 2164 952 2245 cultum,
982 2164 1039 2245 qui
1066 2181 1173 2244 usque
1203 2162 1239 2223 in

62 2271 268 2335 Graecorum
301 2272 419 2334 ultima
452 2276 602 2355 tempora
619 2311 620 2316 κ
635 2271 762 2354 Ephesi
799 2271 831 2334 in
869 2271 1124 2354 opulentissima
1156 2268 1238 2334 urbe

63 2379 304 2443 celeberrimus
329 2383 408 2442 erat.
1071 2381 1072 2386 ’

153 2484 313 2548 Eiusdem
337 2487 471 2568 generis
494 2489 593 2566 atque
608 2485 774 2568 Ephesius
789 2483 916 2547 Dianae
942 2483 1050 2546 cultus
1067 2482 1108 2545 ad
1129 2482 1238 2545 lacum

62 2587 268 2675 Gygaeum²l
305 2597 384 2673 erat,
420 2593 477 2674 qui
512 2593 723 2656 caerimoniis
757 2590 944 2654 naturalem
976 2589 1072 2653 deam
1104 2588 1237 2652 indicat

63 2698 214 2762 Chorene
239 2701 328 2762 enim
350 2699 547 2782 puellarum,
571 2715 657 2780 quae
680 2699 716 2761 in
736 2697 818 2760 deae
835 2695 1126 2760 honoremdis'bus
1142 2695 1237 2766 festis

61 2805 240 2886 saltabant,
265 2807 401 2869 calamis
425 2809 559 2869 ornatae
577 2809 671 2868 erant
687 2803 781 2887 quasi
795 2805 886 2868 ueris
901 2804 1066 2886 primitias
1082 2802 1238 2866 ferentes.

154 2912 307 2976 Eandem
327 2917 489 2995 naturam,
513 2909 789 2995 quam'Ephesia,
806 2911 925 2975 deinde
940 2909 1180 2993 Leucophryne
1205 2913 1238 2974 et

60 3017 215 3102 Pergaea
248 3017 355 3081 Diana
394 3015 594 3100 exhibent³)‚
633 3037 717 3101 quae
751 3018 903 3082 Asiatica
937 3017 1049 3100 specie
1085 3035 1238 3100 magnam

60 3129 195 3208 partem
229 3125 365 3189 indutae
401 3130 486 3189 sunt.
554 3124 624 3190 Nec
657 3129 769 3190 tamen
803 3129 933 3189 tantum
966 3126 1003 3187 in
1037 3124 1238 3188 Asianorum

62 3233 277 3299 caerimoniis
311 3232 397 3296 hanc
433 3234 594 3297 naturalis
617 3232 744 3297 Dianae
772 3232 918 3297 indolem
949 3230 1236 3315 deprehendimus,

60 3338 126 3403 sed
158 3339 260 3401 etiam
292 3341 328 3402 in
356 3339 558 3404 Graecorum
592 3342 736 3424 ipsorum
772 3341 888 3422 sacris,
928 3358 1066 3421 quorum
1094 3337 1239 3419 insignia

61 3450 161 3510 erant
183 3443 311 3510 Dianae
336 3445 530 3526 Caryatidis.
560 3446 734 3531 Nymphae
759 3449 848 3510 enim
872 3446 987 3527 Oaryis
1011 3447 1047 3508 in
1070 3442 1236 3507 Laconico

59 3551 222 3637 oppidulo
247 3571 321 3616 cum
344 3552 472 3616 Dianae
501 3553 594 3618 cultu
620 3555 817 3618 coniunctae
848 3558 950 3634 erant,
979 3552 1237 3630 saltationcsque

140 3745 162 3814 ¹)
182 3745 216 3800 cf.
235 3746 408 3813 Guhlium‚
427 3765 454 3818 p.
475 3745 510 3800 84
527 3763 596 3814 sqq,
622 3749 670 3816 qui
688 3751 784 3804 tamen
801 3746 871 3801 falso
894 3745 930 3799 ah
954 3745 1106 3800 Arcadibus
1133 3744 1238 3799 colonis

59 3839 137 3893 hanc
157 3836 226 3890 deae
243 3838 372 3890 naturam
391 3836 558 3890 descendere
575 3839 665 3906 putat.

138 3922 162 3990 ²)
182 3924 217 3980 cf.
227 3924 257 3976 E.
268 3923 418 3994 Curtius,
431 3925 560 3980 Archacl.
571 3926 666 3996 Zaitg,
679 3925 726 3991 XI,
737 3925 813 3989 1853,
827 3939 854 3990 p.
866 3921 916 3977 148
929 3940 990 3990 sqq·
1012 3923 1046 3978 cf.
1060 3922 1236 3992 Stephani,

59 4016 144 4072 Cont.
162 4013 251 4078 rond,
271 4011 348 4080 1865,
367 4033 394 4085 p.
413 4017 456 4070 28.

139 4101 161 4170 ³)
183 4101 218 4157 cf.
238 4101 387 4176 Preller,
406 4103 496 4172 Myth.
515 4102 602 4166 (11.1,
621 4122 648 4173 p.
668 4103 719 4158 255
738 4119 778 4168 sq.
