2872 4868
615 277 657 340 43

46 489 140 552 enim
157 487 189 550 K
196 485 398 571 αλλίστηῑ),
422 489 509 572 quod
524 488 652 554 Dianae
676 489 762 573 apud
784 489 932 553 Arcades
957 493 1035 571 erat,
1060 489 1102 552 ad
1124 490 1222 552 lunae

45 596 258 659 maiestatem
294 599 444 678 spectare
478 596 618 660 videtin.
680 595 817 660 Sincera
852 597 941 660 enim
975 600 1009 659 et
1041 595 1221 677 tranquilla

46 703 148 765 lunae
173 701 303 784 speeies
325 703 570 784 pulcherrimae
598 702 742 765 feminae
767 707 976 766 venustatem
1006 703 1222 784 aequiparare

46 808 197 888 videtur,
229 825 329 888 quare
357 808 466 870 lunari
494 809 576 872 deae
607 810 771 892 imprimis
799 811 870 873 tale
899 827 1082 892 cognomen
1110 812 1222 891 aptum

48 919 107 979 est.
155 913 306 996 Namque
331 920 433 978 etlam
456 935 475 978 a
498 918 605 999 poetis
628 915 736 980 Diana
758 898 951 998 frequenter
969 907 1054 996 καλή
1074 915 1222 999 appella-

46 1026 111 1102 tur,
143 1022 237 1085 velut
265 1022 305 1085 ab
338 1022 507 1103 Aeschylo
536 1021 664 1106 (Agam.
692 1021 777 1104 140),
806 1024 846 1087 ab
874 1023 1099 1106 Aristophane
1128 1021 1222 1104 (Ran.

50 1129 151 1194 1359:
179 1123 323 1208 ’Ἄρτεμις
344 1121 452 1211 καλά),
484 1130 524 1195 ab
552 1129 712 1212 Euripide
742 1129 886 1213 (Hippol.
916 1130 959 1193 64
979 1149 1063 1211 sqq.:
1092 1115 1224 1206 ὦκόρα
1273 1148 1279 1164 ·

39 1234 180 1306 Λατοῦς
193 1227 325 1313 ’Ἄρτεμι
346 1230 401 1295 καὶ
422 1225 502 1308 Διὸς
529 1236 680 1300 καλλίστα
705 1230 789 1298 πολὺ
812 1229 1007 1317 παρθένων).
1057 1235 1162 1317 Atqui
1194 1234 1224 1297 si

46 1339 208 1404 talimodo
231 1338 339 1403 Diana
368 1335 449 1422 καλή
478 1332 676 1425 nominatur,
708 1342 750 1406 ad
773 1343 887 1405 lunam
909 1344 1027 1407 relatio
1052 1341 1223 1407 difficilius
1321 1425 1323 1429 ,

48 1447 261 1530 agnoscenda
289 1452 353 1512 est:
386 1449 504 1540 inilla
526 1468 605 1512 vero
631 1448 767 1513 Calliste
791 1450 957 1514 Arcadica
985 1449 1107 1513 clarius
1137 1466 1220 1512 com·

46 1558 154 1638 paret,
183 1557 379 1636 praesertim
410 1574 486 1620 oum
517 1557 618 1620 etiam
646 1557 687 1619 ad
711 1557 892 1622 caelestem
913 1575 1026 1619 ursam
1047 1555 1223 1619 referatur.

49 1661 188 1725 Callisto
214 1663 304 1724 enim
326 1663 425 1744 paulo
448 1667 574 1727 mutato
597 1664 731 1726 nomine
751 1664 898 1746 nympha
918 1668 952 1726 et
968 1681 1078 1726 comos
1094 1660 1222 1725 Dianae

46 1769 155 1832 fuisse
179 1772 334 1831 narratur
345 1765 379 1851 21,
404 1787 589 1854 quaecum
613 1768 726 1834 anve
748 1774 855 1833 amata
871 1775 970 1851 esset,
993 1773 1223 1852 postmortem

47 1877 87 1938 in
115 1874 207 1938 sidus
239 1894 335 1938 ursae
363 1877 497 1940 maioris
528 1879 728 1940 commutata
757 1881 855 1942 esset.
912 1876 1014 1941 Certe·
1044 1876 1105 1939 hoo
1134 1874 1225 1938 sidus

49 1984 92 2048 ab
130 1983 371 2064 antiquissimis
399 1983 604 2066 temporibus
627 1985 818 2048 nationibus
842 1989 956 2049 notum
981 1983 1060 2065 erat,
1089 2001 1165 2045 cum
1192 1984 1226 2044 et

48 2091 271 2174 dispositione
306 2089 478 2154 stellarum
512 2091 642 2173 insigne
679 2095 769 2154 esset
803 2095 837 2155 et
870 2111 930 2175 per
964 2095 1067 2154 totam
1095 2093 1227 2152 noctem

51 2199 312 2281 conspiceretur,
347 2201 384 2260 ut
416 2198 524 2260 noctis
558 2198 689 2279 signum
724 2196 840 2260 eadem
867 2199 1005 2279 ratione,
1041 2216 1105 2279 qua
1139 2197 1227 2275 luna,

50 2307 154 2371 etlam
170 2323 248 2367 ursa
264 2304 419 2367 caelestis
435 2303 553 2367 haberi
566 2307 689 2387 posset.
723 2301 841 2384 ltaque
858 2305 1013 2387 quoniam
1028 2303 1069 2366 ad
1084 2302 1227 2366 Dianam

50 2415 163 2496 ipsam
185 2411 363 2475 hoc‘sidus
385 2411 513 2475 referre
535 2430 722 2495 possumus,
752 2410 839 2492 quod
863 2411 1020 2474 Callistus
1050 2411 1087 2472 in
1117 2409 1229 2474 sidera
1248 2477 1249 2480 ,

49 2525 209 2603 receptae
238 2520 348 2602 imago
371 2518 558 2601 putabatur,
586 2519 774 2601 intelleges,
803 2537 861 2582 cur
884 2518 966 2582 (1666
987 2521 1139 2582 naturam
1161 2534 1229 2579 non

50 2627 94 2691 ad
118 2595 233 2690 lunbm
256 2625 315 2689 sed
338 2625 379 2688 ad
402 2629 533 2689 noctem
554 2626 775 2690 revocandam
791 2643 865 2690 esse
881 2626 1078 2689 censuerim.
1122 2623 1227 2688 Recte
1253 2685 1254 2690 ,

49 2736 157 2818 igitur
191 2731 417 2797 Bachofenius
435 2730 481 2812 '(l.
509 2730 542 2813 1,)
578 2732 665 2796 dixit
690 2723 772 2796 ‘Der
798 2731 877 2815 Bar,
916 2732 975 2796 das
1005 2731 1152 2812 Gestirn,
1186 2731 1231 2793 ist

49 2841 149 2906 nicht
171 2841 233 2904 mit
255 2839 332 2904 d‘em
354 2837 475 2903 Monde
498 2858 540 2902 ru
562 2839 756 2922 vorbinden
785 2839 928 2904 sondern
951 2840 1013 2901 mit
1034 2838 1094 2901 der
1117 2837 1230 2920 glanz-

50 2948 193 3012 reiohen
204 2946 437 3029 Erscheinuug
453 2942 510 3009 dos
527 2945 684 3028 dunholm
699 2945 1027 3010 mitternbehtlichen
1042 2934 1227 3008 Himmels.'

50 3053 142 3118 Ursa
162 3072 242 3118 rero
264 3058 440 3136 propterea
461 3051 547 3115 illud
560 3053 865 3135 praeclarissimum
880 3051 972 3116 sidus
987 3050 1227 3135 appellabatur,

53 3161 144 3244 quod
165 3179 277 3224 ursam
299 3160 448 3226 bestiam,
464 3163 599 3242 propter
621 3158 789 3242 pullorum
812 3177 974 3222 summam
1003 3176 1116 3221 curam
1144 3156 1228 3220 deae

53 3287 187 3334 sacram
225 3268 330 3332 fuisse
369 3267 614 3331 existimabant.
667 3264 874 3349 Pythagoras
912 3265 1094 3346 symbolice
1132 3281 1226 3327 ursas

52 3377 170 3442 Rheae
194 3393 311 3438 manus
334 3369 556 3453 nominavitss).
601 3372 750 3438 Easdem
771 3373 899 3437 bestiae
919 3370 1046 3435 Dianae
1061 3369 1227 3455 Laphriac

134 3658 155 3723 ²)
173 3660 204 3714 P.
224 3658 340 3725 1‚2s,2.
379 3658 455 3723 VIII,
473 3658 516 3722 35,
543 3655 567 3709 8.
599 3657 635 3712 61.
658 3657 828 3723 Welekcr,
854 3656 950 3711 Theol.
969 3654 1054 3720 (16.1,
1080 3672 1106 3724 p.
1127 3653 1231 3720 580sq.

56 3750 91 3806 Ο.
114 3749 249 3815 Miiller,
276 3750 303 3803 d.
326 3750 391 3804 Dor.
418 3748 445 3812 I,
471 3764 497 3816 p.
517 3747 583 3813 376,
609 3764 637 3800 n.
660 3748 685 3801 3.
722 3746 845 3813 Ianuar,
870 3745 978 3814 System
1003 3744 1053 3798 dor
1075 3761 1117 3813 gr.
1142 3741 1232 3811 Myth.

78 3838 158 3898 ,294
178 3856 219 3906 sq.

55 3858 76 3910 p
134 3925 155 3993 ²)
175 3927 205 3980 P.
224 3926 310 3991 vlu.
324 3927 354 3991 3,
380 3926 396 3978 6
419 3943 472 3992 sq.:
497 3921 584 3992 ταύτῃ
606 3923 639 3993 τῇ
665 3926 811 3978 Καλλιστοῖ
832 3917 983 3988 συνεγένετο
1007 3917 1133 3986 ἐρασθεὶς
1157 3912 1231 3976 ch‘r.

57 4011 136 4083 Ἥρα
153 4011 182 4068 δὲ
201 4009 239 4076 ὥς
261 4010 409 4082 ἐφώρασεν,
428 4008 552 4078 ἐποίησεν
571 4007 671 4081 ἄρκτον
687 4009 737 4080 τὴν
755 4007 907 4070 Καλλιστώ,
923 4003 1044 4077 ’Ἄρτεμις
1061 4003 1091 4060 δὲ
1108 4002 1136 4068 ἐς
1151 4002 1232 4073 χάριν

56 4097 206 4172 τῆςἭρας
222 4100 410 4165 amavissem
427 4094 520 4165 αὐτήν.
552 4099 607 4152 Καὶ
626 4094 641 4150 ὁ
657 4097 723 4160 Ζεύς
739 4092 841 4165 Ἑρμῆν
858 4092 957 4162 πέμπει
974 4097 1060 4148 σῶσαι
1076 4090 1125 4146 τὸν
1142 4087 1232 4145 παῖδά

58 4189 86 4244 ci
105 4187 267 4256 προστάξας,
286 4181 365 4240 11αέ6
380 4187 414 4256 τῇ
432 4186 527 4255 γαστρὶ
537 4182 611 4254 Ιεἶχεν
627 4181 646 4254 ἦ
664 4183 813 4240 Καλλιστώ.
848 4179 987 4238 Καλλιστώ
1010 4179 1039 4236 δὲ
1057 4176 1144 4250 αὐτὴν
1157 4176 1234 4233 ’ἐποί-

57 4292 124 4350 ησεα
142 4270 257 4344 ἀστέρας
274 4271 442 4344 καλουμένην
461 4269 702 4346 teutonicarum.
734 4274 768 4328 of.
786 4271 973 4340 1166116166,
991 4271 1047 4327 Der
1059 4272 1113 4326 Bar
1129 4271 1161 4324 in
1179 4268 1234 4322 deu

58 4366 229 4436 Religionen
249 4366 298 4420 des
315 4365 497 4420 Alterthums.
534 4363 712 4419 Base11863.

137 4454 158 4523 ³)
178 4454 314 4524 Porphyr.
333 4455 382 4508 vit.
400 4453 521 4523 Pythag.
540 4453 556 4520 ξ
574 4454 619 4508 41.
