2872 4868
787 256 829 318 74

220 487 288 545 νος,
324 485 410 550 quae
441 466 568 532 Dianae
603 466 844 549 tribuebantur,
879 466 959 532 satia
993 463 1143 528 indicant
1174 461 1256 528 deae
1286 461 1366 526 frisso
1406 467 1436 528 ir:

223 579 348 640 statuas
371 576 408 638 in
430 574 515 640 solio
539 573 695 642 sedentis.
739 573 869 640 Deinde
898 573 978 638 illae
1006 571 1133 655 figurae
1155 571 1369 655 praecipuein

220 681 360 747 Boeotia
395 685 547 766 repertae
581 685 658 745 sunt
685 677 893 764 Tanagram),
921 674 1110 760 Plataeis2),
1137 676 1299 761 Thespiis
1329 677 1398 741 uti*
1431 704 1436 729 ε

218 788 346 854 Dianae
384 790 511 854 cultum
543 789 748 873 popularem¹
769 788 873 852 fuisse
907 788 1040 852 scimus.
1097 784 1180 850 Turn
1213 786 1373 850 nonnullae

219 896 403 980 figurarum
426 896 560 960 illarum
582 895 726 960 bestiam
747 897 783 960 in
806 895 932 980 gremio
954 888 1110 975 tenent),
1137 893 1174 957 id
1197 891 1285 975 quod
1307 891 1377 956 nulli

219 1004 301 1068 deae
330 1004 487 1067 convenit
512 1003 579 1066 nisi
604 1000 748 1067 Dianae:
780 1002 866 1066 aliae
889 1003 1017 1066 statuae
1040 999 1206 1063 infantem
1230 998 1377 1064 habentes

218 1110 316 1175 fictae
334 1106 450 1191 eund),
475 1129 540 1192 qua
561 1128 598 1174 re
613 1102 843 1191 κουροτρόφον
857 1107 957 1173 facile
974 1108 1193 1192 agnoscimus.
1240 1105 1379 1188 Denique

216 1218 293 1282 illas
332 1217 410 1282 deas
451 1236 526 1281 cum
559 1215 724 1281 Mercurio
758 1217 950 1281 coniunctas
984 1214 1136 1279 videmus
1171 1215 1210 1277 in
1244 1213 1379 1298 parvulis
1435 1282 1436 1301 ἶ

218 1324 371 1390 sacrariis
394 1323 595 1403 domesticis,
620 1341 759 1404 cumque
783 1322 871 1386 hunc
894 1321 992 1385 doum
1017 1340 1092 1385 cum
1115 1319 1226 1384 Diana
1248 1319 1381 1384 naturali
1435 1306 1436 1339 ¹

123 1461 124 1472 ο
215 1431 272 1495 vel
294 1432 436 1514 genitali
457 1449 524 1495 non
546 1449 620 1494 raro
645 1431 888 1514 composuerint
909 1434 1037 1513 poetae,
1061 1428 1244 1492 femineam
1269 1429 1381 1492 sociam

215 1536 358 1600 Dianam
382 1538 417 1600 in
440 1538 511 1601 illis
534 1537 688 1602 sacrariis
712 1554 785 1616 esse
808 1536 1090 1600 veriumillimum
1113 1530 1201 1615 est⁵).

304 1644 426 1707 Adhuc
449 1644 543 1708 illam
566 1647 693 1708 tentum
708 1642 837 1707 Dianae
860 1646 1011 1706 naturam
1036 1643 1284 1725 descripsimus,
1309 1659 1382 1722 quae

215 1750 255 1814 ad
279 1752 454 1815 hominum
477 1754 590 1834 partus
615 1753 649 1813 et
669 1750 773 1812 vitam
794 1751 950 1832 pertinet.
996 1747 1113 1812 Restat
1127 1749 1240 1831 igitur,
1264 1749 1382 1810 utiam

214 1857 340 1922 Dianae
374 1857 557 1922 bestiarum
588 1875 709 1938 curam,
741 1875 839 1937 quam
863 1855 983 1920 Graeci
1010 1857 1194 1938 antiquitus
1220 1856 1293 1919 eius
1319 1873 1381 1918 esse
1422 1907 1424 1914 ,

215 1963 404 2047 credebant,
438 1965 623 2028 accuratius
655 1963 860 2028 definiamus.
915 1961 1086 2038 Quodoum
1114 1962 1224 2026 Diana
1256 1964 1293 2026 in
1321 1963 1382 2024 uni·

212 2089 347 2135 versum
390 2074 529 2135 naturae
566 2072 636 2134 vim
673 2070 855 2154 genitalem
892 2072 1069 2152 contineat,
1107 2089 1173 2134 non
1212 2070 1323 2133 solum
1354 2071 1383 2132 in

213 2177 383 2242 hominum
408 2179 623 2262 generatione
647 2181 681 2241 et
705 2177 900 2241 educatione
925 2176 1095 2241 efficacem
1118 2176 1216 2240 deam
1240 2195 1276 2240 se
1300 2194 1383 2260 prae·

212 2283 301 2368 bere,
336 2283 395 2349 sed
426 2286 528 2348 etiam
555 2284 737 2350 bestiarum
766 2303 870 2368 genus
897 2284 1010 2348 fovere
1040 2286 1302 2348 consentaneum
1333 2288 1383 2347 est.

211 2387 364 2473 Namque
386 2392 487 2454 etiam
503 2388 544 2453 ad
559 2391 730 2470 hominum
746 2390 887 2454 salutem
908 2390 1092 2454 bestiarum
1116 2391 1211 2473 copia
1235 2392 1383 2473 pertinet,

211 2498 384 2580 imprimis
409 2499 439 2561 si
461 2498 613 2562 nationes
635 2497 785 2561 venando
810 2501 866 2561 aut
887 2497 1051 2581 pascendo
1074 2498 1202 2560 victum
1218 2501 1383 2579 quaerant,

210 2602 247 2666 id
282 2603 371 2685 quod
410 2585 658 2684 antiquissimas
682 2602 883 2668 Graecorum
916 2609 1033 2689 gentes
1064 2603 1187 2669 fecisse
1219 2599 1383 2683 constari).

210 2708 328 2792 Itaque
373 2712 407 2773 et
445 2707 536 2772 ferae
575 2713 608 2773 et
646 2709 774 2773 cicures
808 2710 936 2774 bestiae
968 2710 1096 2776 Dianae
1131 2728 1247 2775 sacrae
1288 2715 1384 2774 erant.

209 2815 361 2880 Favebat
392 2834 506 2880 omnes
535 2817 660 2900 pariter
687 2816 758 2900 dea,
786 2818 908 2901 quippe
933 2836 1016 2899 quae
1039 2820 1177 2882 naturae
1202 2819 1385 2882 immanens

209 2923 261 2986 vis
292 2925 390 2986 esset.
437 2917 578 3001 Δρόσοις
610 2914 737 2995 ollamus
771 2922 918 3004 μαλεροῖο
953 2942 986 2985 τε
1021 2917 1161 2985 λεόντων
1194 2917 1332 2984 πάντων
1363 2914 1384 2984 τ’

209 3020 406 3109 ἀγρονόμων
422 3025 633 3109 φιλομάστοις
647 3027 765 3112 θηρῶν
779 3022 996 3110 ὀβρικάλοιοον
1011 3023 1142 3109 τερπνά,
1158 3030 1200 3093 ab
1215 3030 1384 3111 Aeschylo

209 3130 337 3214 (Agam.
364 3153 394 3197 V.
422 3136 484 3199 141
509 3133 592 3217 sqq.)
616 3136 786 3219 praeclare
808 3137 989 3200 invocatur.

301 3235 420 3320 Itaque
457 3241 494 3302 in
521 3238 647 3305 Dianae
683 3237 842 3306 honorem
870 3243 925 3306 vel
955 3242 1046 3306 ferae
1077 3242 1118 3306 ad
1149 3244 1277 3326 templa
1307 3235 1385 3308 deae

282 3534 304 3605 ¹)
326 3537 417 3595 Berol.
439 3538 528 3594 Musei
544 3541 635 3609 antiq.
654 3559 682 3597 n.
701 3543 778 3611 6303,
798 3542 875 3600 7164.

281 3623 303 3694 ²)
323 3627 395 3682 ibid.
413 3646 442 3684 n.
462 3629 540 3697 5786,
559 3629 637 3687 5787.

282 3711 303 3783 ³)
323 3715 395 3772 Ibid.
414 3734 444 3774 n.
462 3718 541 3776 6262.

279 3801 303 3872 ⁴)
321 3804 393 3861 Ibid.
419 3823 447 3862 n.
471 3807 532 3875 384,
556 3808 627 3865 6265
649 3809 741 3870 Piraei
764 3811 888 3867 inventa
924 3811 989 3868 Atia
1013 3811 1120 3870 Dianae
1142 3813 1266 3870 sedentia
1289 3814 1386 3885 sigilla

206 3892 363 3950 aaronem
383 3912 412 3950 n.
431 3895 501 3952 8494
524 3898 656 3968 Athenis,
682 3899 752 3954 7648
772 3899 852 3955 Halia
873 3899 904 3955 iu
926 3899 1043 3958 Locride
1063 3902 1179 3958 inventa
1201 3903 1293 3973 figura
1314 3905 1386 3960 anti·

206 3982 339 4049 quissima
371 4001 456 4055 supra
485 3987 590 4043 annulo
617 3988 754 4046 instructa
780 3989 931 4060 Tanagrae·
955 3991 1072 4047 iuventa
1104 3989 1144 4058 (n.
1174 3991 1254 4058 7535)
1279 3989 1386 4050 Dianae

201 4073 251 4122 ’Aa
462 4113 469 4127 .

251 4069 909 4235 αγζοςῗηέοοὲξὰᾝὲοῗιφλῖἳ-ῗῃξλοὰ.
928 4169 1010 4238 Pyth.
1028 4171 1064 4238 II,
1082 4189 1108 4228 r.
1128 4172 1170 4228 18.
1206 4172 1278 4230 Mus.
1295 4171 1387 4230 BeroL

205 4247 295 4317 antiq.
314 4265 344 4306 n.
364 4250 443 4318 6678,
462 4251 540 4310 7423.
986 4260 987 4263 ’

203 4427 245 4483 Th
274 4336 411 4485 gAIliter
432 4341 637 4488 ἐξελάθετο
666 4343 787 4401 Dianam
816 4347 968 4406 beumrum
993 4351 1150 4420 praesidem
1176 4349 1310 4420 explicat.
1352 4356 1386 4412 cf.

249 4469 256 4484 .
298 4447 321 4486 r.
354 4449 412 4500 ,p.
484 4472 492 4490 .
