2872 4868
699 268 912 364 Aa„

218 501 242 542 ν
265 479 316 543 61.
362 477 508 544 Latonae
536 478 641 543 filiam
671 481 725 546 vol
754 481 922 565 Apollinis
951 483 1109 544 sororem:
1137 480 1169 542 E
1191 483 1276 561 447,
1309 481 1387 545 1³71
1432 503 1436 521 ι

219 584 272 668 (of.
297 585 361 669 39),
386 585 418 647 Φ
441 589 516 670 479,
540 587 667 671 boarit
690 588 754 651 605
779 607 827 670 sq.
852 623 894 636 -
918 607 936 649 o
961 589 1035 669 411,
1059 588 1075 663 ζ
1098 588 1171 651 106.
1428 612 1430 623 r

308 695 525 759 Aoouratiore
541 695 607 758 iam
622 714 702 760 vero
719 695 942 778 disputatione
959 695 1000 760 de
1016 694 1170 760 versibus
1188 693 1220 755 Φ
1236 697 1380 760 sal-aa

221 820 303 885 opus
328 806 386 885 est,
412 801 531 884 quibus
547 800 675 866 Dianae
699 802 809 866 officia
824 805 1004 887 praecipua
1019 804 1107 867 inter
1122 820 1158 866 se
1176 807 1381 887 opponuntur.
1424 820 1426 845 ¹

218 908 384 974 Homerus
413 910 502 972 enim
524 908 686 975 Iunonem
714 909 796 974 facit
823 911 860 974 in
891 909 1103 974 theomachia
1130 911 1380 992 gravissimam
1427 928 1428 931 ¹

218 1015 359 1080 Dianam
382 1016 615 1080 insultantem:

158 1112 160 1116 ⁸
320 1121 400 1193 Huic
421 1116 456 1183 δὲ
477 1115 518 1184 οὐ
541 1120 605 1184 νῦν
627 1115 776 1203 μέμονας,
798 1116 882 1184 κύον
905 1115 1024 1198 abidahe,
1049 1115 1128 1183 ἀντί’
1153 1116 1238 1202 ἐμεῖο

319 1222 505 1307 στήσεσθαι,
528 1220 647 1307 χαλεπή
669 1246 719 1288 τοι
742 1219 803 1307 lyci
827 1219 922 1306 μένος
945 1219 1183 1307 ἀντιφέρεσθαι,

320 1325 491 1415 τοξοφόρῳ
514 1351 573 1409 περ
597 1324 704 1415 ἐούσῃ,
728 1325 851 1392 ἐπείτε
874 1323 986 1392 λέοντα
1008 1327 1156 1410 γυναιξὶν
1217 1345 1219 1350 ·

323 1427 406 1508 Ζεὺς
427 1435 538 1516 θῆκεν,
561 1431 616 1497 καὶ
637 1428 737 1498 ἔδωκε
758 1429 960 1514 κατακτάμεν
982 1428 1025 1516 ἦν
1046 1440 1074 1495 κ’
1095 1428 1265 1518 ἐθέλῃσθα.

306 1538 434 1603 Dianae
462 1541 565 1623 igitur
594 1559 723 1604 summa
751 1542 787 1603 in
821 1557 936 1604 omnes
969 1539 1112 1604 feminas
1138 1541 1311 1623 pertinens
1338 1539 1378 1601 vis
1433 1566 1436 1573 ε

220 1645 377 1710 tribuitur
392 1666 412 1710 a
427 1645 508 1710 Iove
530 1649 602 1730 ipso
627 1663 786 1710 concessa
802 1651 835 1710 et
849 1649 1036 1731 perniciosa
1052 1646 1198 1728 quidem,
1221 1665 1299 1711 cum
1314 1646 1381 1710 anti·

221 1755 380 1835 quissimo
419 1772 571 1818 sermone
605 1752 771 1817 Homerus
812 1772 892 1818 usus
932 1755 1084 1818 leaenam
1119 1773 1194 1818 eam
1229 1755 1325 1836 quasi
1352 1754 1380 1815 in
1435 1780 1436 1795 2

219 1860 363 1925 feminas
387 1879 460 1924 esse
485 1860 608 1924 factam
632 1860 728 1924 dicat.
766 1859 807 1924 In
829 1861 982 1926 versibus
999 1866 1110 1925 autem
1126 1862 1183 1943 qui
1200 1866 1381 1944 sequuntur,

217 1959 290 2046 ἤτοι
310 1959 457 2046 βέλτερόν
472 1959 536 2028 ἐστι
551 1958 617 2028 κατ’
635 1959 734 2048 οὔρεα
748 1967 855 2048 θῆρας
870 1961 1008 2049 ἐναίρειν
1022 1960 1197 2049 ἀγροτέρας
1211 1961 1238 2030 r'
1256 1961 1383 2049 ἐλάφους

218 2062 242 2151 ἢ
264 2069 445 2151 κρείσσοσιν
467 2062 519 2151 ἶφι
541 2066 697 2154 μάχεσθαι
720 2069 847 2136 Dianae
870 2073 1003 2136 venatio
1027 2073 1287 2156 commendatur,
1314 2089 1384 2155 quae

218 2182 334 2261 postea
357 2177 398 2241 ab
421 2178 574 2242 omnibus
597 2179 705 2261 poetis
729 2181 824 2262 quasi
854 2181 926 2244 eius
951 2198 1079 2244 summa
1102 2199 1155 2244 ars
1179 2200 1219 2245 ao
1241 2182 1383 2265 voluptas

219 2284 427 2349 describitur.
466 2282 521 2348 Sic
543 2283 709 2348 Homerus
731 2283 859 2350 Dianae
883 2286 974 2350 illam
996 2289 1218 2372 perniciosam
1241 2293 1384 2352 natanan
1412 2369 1413 2374 ἵ

219 2409 417 2473 quamquam
446 2392 533 2454 haud
567 2390 722 2474 denegat,
753 2393 893 2476 probare
926 2413 991 2457 non
1020 2394 1166 2477 videtur,
1201 2395 1289 2460 hanc
1316 2413 1383 2458 vero

218 2499 424 2561 venatoriam
447 2498 568 2581 laudat,
593 2501 715 2582 quippe
739 2519 824 2582 quae
839 2499 968 2564 Dianae
994 2502 1103 2584 aptior
1125 2502 1177 2565 sit.
1217 2501 1303 2566 Oum
1317 2520 1385 2566 vero

218 2612 334 2673 notum
356 2607 400 2669 sit
415 2605 616 2670 Graecorum
639 2607 680 2670 de
697 2607 762 2672 diis
778 2609 961 2672 sententias
976 2608 1173 2692 plerumque
1189 2608 1231 2673 ab
1247 2609 1384 2674 Homero

219 2715 376 2780 formatas
401 2733 483 2795 esse,
508 2714 607 2776 etiam
632 2714 717 2778 hanc
733 2713 861 2778 Dianae
883 2715 1016 2779 laudem
1031 2717 1137 2799 primo
1155 2715 1196 2779 ab
1214 2703 1256 2780 oo'
1271 2716 1386 2781 dictam

219 2842 292 2888 esse
315 2822 500 2886 verisimile
524 2824 582 2884 est.
628 2821 682 2885 Ab
705 2821 845 2886 Homeri
872 2824 975 2905 igitur
1002 2822 1207 2907 temporibus
1231 2823 1385 2888 naturalis

218 2931 345 2996 Dianae
368 2931 458 2993 notio
482 2930 517 2992 in
541 2929 613 2992 dies
637 2931 743 3012 magis
768 2931 913 3017 eruhuit,
937 2949 1002 3012 qua
1024 2931 1112 2994 inre
1128 2928 1266 2994 Iunonis
1285 2932 1385 2995 omas

217 3039 377 3120 paulatim
408 3035 620 3100 efflorescens
650 3034 761 3120 magni
792 3033 863 3101 erat
885 3038 1059 3114 momenti.
1113 3035 1278 3101 Iunonem
1308 3041 1388 3103 enim

218 3143 345 3207 Dianae
372 3144 545 3207 inlocum
573 3146 774 3208 successisse
800 3163 898 3227 supra
922 3145 1229 3208 demonstravimus.
1276 3145 1387 3229 Itaque

219 3251 307 3314 haud
330 3251 515 3315 inconsulto
531 3250 695 3314 Homerus
718 3252 778 3314 illa
801 3252 903 3315 verba
924 3250 1068 3316 Iunoni
1092 3250 1287 3316 attribuisse
1312 3253 1388 3317 mihi

218 3358 365 3439 videtur,
404 3376 477 3421 cum
514 3359 551 3420 in
578 3358 789 3421 theomachia
818 3357 1037 3423 describenda
1064 3358 1191 3422 Dianae
1220 3359 1309 3424 alius
1338 3359 1389 3423 dei

221 3464 407 3549 opponendi
431 3466 559 3530 occasio
583 3464 659 3526 data
683 3468 781 3528 esset.
827 3463 944 3546 Neque
969 3467 998 3528 si
1021 3466 1196 3548 religionis
1220 3466 1391 3532 historiam

219 3573 389 3660 respicias,
414 3573 508 3655 parvi
524 3570 717 3634 aestimabis
734 3573 908 3653 sequentia
923 3572 1026 3636 verba
1041 3593 1071 3635 v.
1087 3575 1166 3636 487:
1191 3569 1219 3633 ai
1235 3565 1262 3634 δ’
1280 3568 1393 3644 ἐθέλεις

218 3673 368 3759 πολέμοιο
391 3672 553 3759 δαήμεναι,
582 3669 656 3756 ὄφρ’
687 3663 724 3738 εὖ
751 3675 845 3761 εἰδῇς,
875 3672 977 3741 ὅσσον
1006 3672 1145 3760 φερτέρη
1172 3671 1241 3758 εἴμ’,
1270 3672 1323 3740 ὅτι
1344 3697 1393 3758 μοι

218 3777 313 3862 μένος
335 3776 551 3863 ἀντιφερίζεις,
586 3781 705 3862 quibus
735 3783 818 3846 haee
842 3784 882 3846 de
906 3783 1044 3848 Iunonis
1069 3784 1294 3849 dominatione
1321 3805 1401 3850 sen·¹

218 3890 323 3952 tentia
348 3889 436 3951 clare
460 3890 699 3970 pronuntiatur.

306 3993 459 4075 Denique
490 3996 526 4057 in
555 3993 701 4058 Homero
731 3995 909 4060 observare
940 3997 1022 4060 iicet
1050 3996 1142 4059 nullo
1166 3997 1239 4060 loco
1263 3989 1391 4064 Dianae

217 4101 446 4183 virginitatem
474 4101 615 4183 copiosis
643 4100 756 4165 verbis
784 4102 922 4183 laudari,
954 4120 1154 4184 quamquam
1181 4104 1218 4167 in
1243 4102 1392 4187 Odyssea

216 4212 269 4272 ter
292 4198 375 4288 ἁγνή
391 4207 514 4271 dicitur
530 4209 667 4290 eiusque
683 4208 912 4274 nobilissimus
929 4209 1067 4274 habitus
1084 4214 1118 4274 et
1133 4210 1391 4284 formosissimus

218 4318 372 4380 accurate
401 4315 599 4380 describitur
627 4315 851 4400 §102-108,
882 4317 942 4380 ubi
975 4303 1139 4381 castitatis
1169 4337 1301 4400 quoque
1326 4321 1392 4385 lau·

218 4417 345 4487 dandae
380 4426 510 4488 occasio
547 4429 625 4506 erat,
663 4441 737 4485 oum
772 4425 844 4508 ipso
878 4443 978 4489 versu
1012 4426 1202 4506 insequenti
1242 4427 1283 4507 (v.
1319 4426 1392 4507 109)
