2872 4868
763 258 898 320 28·

201 489 332 555 semper
359 471 483 555 primas
516 468 690 552 obtineret,
718 471 754 533 in
782 469 920 534 oantiois
950 459 1153 531 solemnibus
1177 467 1378 551 saepissime

201 577 338 642 vocibus
368 568 529 647 δέσποινα,
564 567 696 652 ἄνασσα,
727 573 870 656 βασίλεια
902 571 1088 654 ornabatur,
1124 591 1209 656 quae
1239 574 1307 637 etsi
1336 571 1378 636 ab

202 684 277 748 aliis
306 681 431 747 deabus
459 698 527 743 non
554 679 683 743 alienae
715 683 818 761 erant,
848 682 884 744 in
912 681 1011 744 huius
1038 679 1137 743 laudo
1168 698 1212 743 ex
1237 697 1380 744 eonsue-

201 790 318 855 tudine
354 788 425 853 fere
460 804 592 869 semper
623 785 792 850 adhibitae
819 787 983 852 videntur.
1034 778 1197 848 Δέσποινα
1226 785 1379 870 exempli

201 898 309 980 gratia
332 894 440 958 Diana
463 893 650 977 appellatur
673 911 692 955 a
715 889 877 975 Sophocle
900 893 963 976 (sl.
985 913 1014 956 v.
1040 888 1116 971 626)
1147 891 1189 955 ab
1213 892 1378 976 Euripide

201 1001 347 1087 (Hippol.
374 1021 426 1064 vv.
449 1000 524 1081 228,
551 998 781 1082 1324‚1395),
812 992 936 1063 ἄνασσα
967 999 1007 1063 ab
1038 998 1155 1062 eodem
1183 998 1265 1083 (Iph.
1283 1000 1378 1064 -AuL

199 1129 251 1173 vy.
277 1108 372 1189 1230,
398 1107 494 1189 1481,
520 1105 604 1169 1622
630 1109 664 1169 et
686 1105 741 1169 hio
756 1106 892 1189 quidem
906 1105 996 1168 θεῶν
1018 1099 1163 1187 ἄνασσα),
1188 1106 1229 1169 ab
1246 1107 1379 1170 Aristo·

200 1218 309 1301 phane
334 1213 476 1297 (Phesm.
498 1233 529 1276 v,
553 1210 641 1295 971),
669 1213 706 1275 in
729 1213 851 1293 hymno
875 1210 1018 1296 Orphioo
1047 1210 1079 1290 (2
1104 1229 1133 1272 v.
1156 1209 1188 1292 6)
1213 1216 1247 1276 et
1272 1211 1380 1276 Calli-

123 1326 127 1334 '
201 1323 338 1386 maoheo
368 1320 416 1403 (in
445 1317 540 1383 Dian.
569 1338 600 1382 y.
623 1317 703 1382 204;
731 1304 818 1381 Odon
839 1312 972 1382 ἄνασσα.
1019 1316 1067 1381 cf.
1090 1316 1169 1382 Hes.
1194 1338 1218 1383 s.
1241 1339 1272 1382 v.
1292 1304 1380 1381 ’.Ωαα

201 1422 367 1512 ἄνασσα),
397 1424 539 1507 βασίλεια
562 1424 705 1507 denique
729 1425 764 1487 in
788 1424 911 1505 hymno
935 1421 1034 1509 Orph.
1063 1424 1121 1506 36,
1152 1444 1205 1488 vv.
1230 1425 1248 1486 1
1275 1428 1311 1488 et
1335 1425 1376 1486 11

202 1531 421 1614 παμβασίλεια,
446 1549 511 1614 qua
532 1550 614 1596 vooo
638 1530 721 1596 Iuno
745 1549 876 1613 quoque
900 1530 1131 1614 appellabatur
1147 1529 1258 1613 (Hym.
1275 1527 1378 1614 Orph.

202 1638 243 1699 16
266 1657 298 1703 v.
322 1635 358 1719 2)
384 1642 418 1702 et
438 1636 592 1702 Nemesis
616 1636 669 1719 (H.
695 1636 793 1721 Orph.
817 1638 857 1700 61
882 1657 911 1700 v.
937 1635 985 1720 1);
1017 1656 1082 1720 quo
1112 1636 1153 1701 de
1178 1638 1378 1720 cognomine

201 1744 301 1808 etiam
324 1744 531 1810 Herodotum
554 1743 623 1827 (IV,
647 1743 702 1824 33)
727 1742 871 1808 oonferri
893 1743 982 1825 lieet,
1007 1745 1065 1825 qui
1079 1742 1224 1808 Phraoes
1247 1742 1377 1807 Dianae

200 1849 349 1934 Reginae
374 1853 501 1917 oultum
524 1851 648 1915 habere
671 1850 781 1914 tradit.

289 1958 390 2041 Apud
404 1958 553 2022 Arcades
577 1956 773 2041 saepissime
791 1959 824 2019 et
840 1954 940 2019 Oeres
957 1961 991 2020 et
1005 1955 1205 2040 Proserpina
1221 1948 1379 2018 δέσποινα

200 2065 370 2128 nominata
402 2069 453 2135 est
465 2060 499 2148 ¹),
536 2082 617 2147 quas
650 2063 783 2147 proprie
813 2081 832 2125 a
859 2061 967 2126 Diana
994 2080 1062 2126 non
1089 2062 1238 2127 diversas
1269 2060 1378 2124 fuisse

200 2171 268 2234 iam
303 2172 382 2237 inde
418 2175 562 2257 apparet,
598 2169 685 2253 quod
721 2188 819 2233 oerva
854 2169 1014 2251 quaedam
1048 2168 1244 2253 Despoenae
1280 2185 1378 2231 saera

201 2279 389 2343 nominatur
400 2274 433 2360 ²).
480 2277 670 2358 Aeschylus
698 2276 819 2340 deinde
849 2295 924 2340 oum
946 2275 1088 2338 Dianam
1112 2273 1243 2339 Cereris
1267 2273 1377 2338 filiam

201 2386 423 2450 nominaverit
432 2380 468 2467 ⁸),
498 2403 572 2448 eam
593 2381 813 2465 Proserpinae
841 2384 877 2447 in
903 2385 1014 2447 Iocum
1045 2381 1224 2446 substituit.
1271 2379 1378 2445 Pater

203 2491 338 2573 quidem
367 2492 465 2556 huius
498 2488 703 2574 Despoenae,
734 2507 818 2571 quae
846 2490 1015 2569 mysteriis
1044 2506 1146 2573 prope
1176 2488 1380 2551 Aoaoesium

201 2598 237 2660 in
253 2597 398 2661 Arcadia
414 2597 539 2662 eximie
556 2594 735 2678 colebatur,
757 2594 931 2679 Neptunus
952 2595 1058 2660 fuisse
1072 2594 1214 2659 traditur
1237 2592 1270 2675 (1
1287 2593 1310 2657 1.
1328 2592 1378 2673 9);

201 2722 322 2768 nomen
352 2721 431 2769 voro
455 2703 635 2787 proprium,
669 2701 756 2784 quod
778 2700 961 2766 Pausanias
985 2700 1080 2784 (VIII
1103 2702 1155 2783 36,
1179 2699 1211 2780 7)
1236 2699 1277 2763 ad
1302 2718 1379 2784 pro·

202 2809 296 2874 fanos
319 2810 458 2894 prodere
481 2814 618 2874 veretur
641 2828 708 2873 non
730 2807 876 2892 Iunonis,
899 2810 1001 2874 immo
1023 2807 1151 2871 Dianae
1167 2805 1272 2870 fuisse
1288 2808 1381 2870 veri·

203 2918 410 2982 simillimum
434 2922 494 3001 est,
519 2935 595 2981 oum
617 2916 744 2980 ibidem
767 2918 869 2980 etiam
891 2914 1019 2979 Dianae
1033 2913 1250 2997 Hegemonae
1275 2913 1379 2978 aedes

202 3030 297 3089 esset.
343 3024 452 3090 Diana
481 3029 593 3090 autem
620 3042 685 3106 qua
711 3024 839 3088 ratione
868 3021 909 3086 ad
939 3020 1173 3105 Proserpinam
1200 3020 1381 3103 pertineat,

202 3131 290 3194 inira
313 3133 501 3195 aoouratius
526 3131 756 3216 explicabitur.
804 3128 960 3194 Ceterum
987 3129 1055 3191 iam
1079 3112 1194 3191 Cicero
1224 3117 1379 3207 (Donat.

202 3236 231 3300 d.
255 3235 308 3300 ΙΠ
331 3238 384 3318 23,
409 3236 463 3319 58)
493 3257 568 3302 oum
598 3238 779 3304 inferorum
806 3235 924 3318 regina
946 3232 1088 3297 Dianam
1115 3233 1271 3315 conectit,
1302 3251 1381 3298 oum

203 3361 277 3407 eam
298 3342 389 3408 Iovis
413 3351 447 3409 et
469 3343 688 3430 Proserpinae
711 3343 816 3410 filiam
839 3341 956 3406 haberi
978 3340 1068 3404 dieat
1084 3331 1184 3422 ‘quae
1200 3341 1380 3423 pinnatum

205 3449 403 3535 Cupidinem
426 3453 581 3536 genuisse
597 3441 727 3516 dioitur’
744 3447 799 3532 (of.
815 3450 835 3512 I.
852 3450 873 3511 I.
890 3447 908 3530 ᾗ
924 3447 989 3532 60).
1036 3446 1135 3511 Certe
1152 3445 1378 3529 praecedente

202 3558 265 3622 hao
289 3557 512 3642 disputatione
537 3558 750 3623 manifestum
772 3557 811 3621 fit
833 3555 970 3618 deorum
991 3553 1079 3638 apud
1094 3550 1239 3617 Graecos
1255 3572 1380 3636 genea-

203 3663 308 3747 logias
331 3665 429 3730 valde
453 3667 604 3730 incertas
621 3665 735 3738 fuisse,
766 3680 868 3745 quare
891 3680 957 3726 non
979 3662 1102 3725 mirum
1126 3662 1185 3740 est,
1218 3658 1303 3741 quod
1336 3660 1378 3725 de

202 3767 329 3838 Dianae
353 3773 585 3854 antiquissima
608 3771 650 3834 ad
668 3769 784 3836 Iovem
798 3768 960 3832 relatione
975 3767 1061 3830 nihil
1076 3766 1199 3830 litteris
1214 3765 1377 3830 traditum
1392 3839 1393 3842 Ἴ

204 3881 263 3958 est,
285 3879 483 3960 praesertim
499 3897 574 3941 oum
589 3880 740 3941 vetustae
757 3875 953 3958 sententiae,
976 3875 1043 3938 nisi
1058 3877 1233 3957 poetarum
1248 3871 1378 3936 fabulis

204 3981 397 4048 obscuratae
420 3991 534 4049 tamen
556 3984 752 4067 plerumque
775 3984 812 4046 in
834 3982 1069 4063 mysteriorum
1083 3979 1248 4062 religione
1266 3979 1379 4043 oooul·

203 4090 291 4152 tatae
315 4091 389 4154 sint.

278 4263 299 4328 1)
318 4266 348 4320 P.
367 4264 442 4332 VIII,
461 4265 505 4334 35,
524 4267 553 4332 23
572 4265 615 4335 37,
636 4264 729 4319 1-10.

207 4369 210 4378 ’
277 4352 298 4422 ²)
317 4355 348 4410 P.
367 4352 444 4419 VIII,
463 4355 504 4422 10,
524 4354 566 4410 10.

278 4443 300 4513 8)
319 4444 349 4498 P.
369 4443 444 4511 VIII,
464 4445 507 4511 37,
526 4446 542 4499 6
562 4447 590 4499 at
608 4442 673 4499 adn.
691 4441 814 4497 Siebelia.
