2872 4868
692 339 712 344 ,
778 249 903 344 46..-

217 461 347 545 Cypriis
372 458 486 543 erat1),
511 481 610 544 quam
625 461 794 550 Nemesim
811 461 938 526 Dianae
959 463 1106 547 speciem
1121 461 1283 544 praebere
1299 460 1373 524 infra
1425 496 1436 523 ι.

215 569 347 634 docebo.
391 568 509 651 Neque
545 571 677 633 omnino
712 570 836 633 divinis
867 570 1046 634 honoribus
1080 569 1213 634 Helena
1245 568 1373 648 carebat,
1434 604 1436 619 1

214 698 288 742 cum
305 682 338 740 et
354 675 491 759 Spartae
515 677 586 740 eius
609 677 770 759 templum
788 672 909 758 esset²)
934 681 968 741 et
983 677 1099 760 Rhodi,
1122 676 1183 740 ubi
1204 694 1374 759 cognomen

213 781 421 864 Δενδρίτιδος
445 786 476 846 61
500 780 613 863 61613).
645 783 778 866 Ubique
800 802 879 848 vero
903 783 1030 848 Dianae
1054 784 1228 848 simillima
1252 787 1375 866 apparet
1430 816 1436 841 ι

214 895 249 954 61
272 893 302 954 61
325 893 361 954 in
390 891 452 954 hac
484 892 604 955 bellica
634 891 794 973 quaedam
822 895 940 956 natura
969 891 1057 973 (vide
1080 890 1179 970 inira)
1213 890 1376 954 statuenda

214 1004 273 1081 est,
298 998 437 1062 eandem
460 999 495 1061 in
518 983 752 1062 fabulosa'illa
774 1001 893 1081 regina
907 1019 973 1063 non
989 1001 1150 1062 minorem
1168 999 1376 1081 agnoscimus.
1430 1036 1431 1055 t

213 1105 263 1169 Ea
276 1106 375 1168 enim
400 1108 451 1168 est
465 1103 597 1168 Heiena
619 1106 747 1188 mulier,
771 1109 864 1189 cujus
883 1107 1096 1190 improbitate
1113 1107 1259 1169 exitium
1274 1103 1377 1186 Trojac
1431 1152 1433 1157 ,

215 1216 367 1295 paratum
398 1209 486 1290 6614).
532 1211 754 1296 Deimlingius
787 1209 831 1293 (d.
854 1212 968 1296 Leleg.
996 1233 1026 1296 p.
1052 1213 1115 1276 165
1139 1211 1223 1295 sqq.)
1255 1211 1377 1294 quiden

213 1321 298 1382 hanc
329 1317 424 1382 deam
453 1317 620 1383 Helenam
649 1317 811 1402 Lelegum
842 1319 947 1384 fuisse
977 1319 1144 1403 probarit,
1175 1319 1234 1400 qui
1266 1320 1378 1382 arctius
1435 1348 1436 1373 i

215 1427 287 1489 eius
309 1427 450 1489 virtutes
475 1428 745 1510 circumscripsit,
770 1446 844 1490 cum
868 1446 931 1491 non
957 1427 1063 1491 solum
1087 1426 1199 1489 lunari
1213 1426 1277 1489 illa
1292 1445 1380 1508 quam

217 1533 333 1596 statuit
362 1532 585 1616 Deimlingius
619 1539 738 1598 natura
773 1535 1007 1615 contineretur,
1044 1533 1103 1598 sed
1137 1533 1198 1596 illa
1232 1535 1380 1596 universa

215 1642 369 1723 naturali,
394 1660 493 1722 quam
515 1643 550 1704 in
572 1640 681 1705 Diana
704 1641 1023 1725 comprehendimus.

304 1748 404 1831 Apud
427 1749 622 1832 Aeginetae,
646 1749 704 1830 qui
726 1750 872 1812 maxime
894 1747 1058 1812 Hecatam
1080 1748 1101 1810 i.
1126 1765 1154 1811 e.
1178 1745 1382 1831 Pelasgicon

217 1860 363 1920 nostram
402 1855 542 1918 Dianam
580 1854 733 1938 Orphicis
773 1855 905 1937 quidem
944 1857 979 1918 in
1017 1855 1187 1936 mysteriis
1227 1854 1382 1933 colebant,

214 1962 384 2045 Aphaea
417 1963 500 2025 haec
524 1962 601 2044 dea,
634 1981 717 2044 quae
750 1964 852 2025 etiam
885 1982 959 2026 cum
990 1961 1227 2025 Britomartide
1263 1961 1383 2026 Cretica

219 2068 356 2132 confusa
389 2072 454 2149 est,
487 2064 757 2148 nominabatur5).
817 2066 911 2145 Quod
951 2087 1072 2134 nomen
1110 2087 1176 2132 non
1210 2069 1253 2132 ad
1294 2070 1385 2132 lunae
1435 2062 1436 2065 ’

215 2176 272 2241 sed
297 2176 337 2239 ad
361 2177 468 2239 noctis
497 2177 643 2258 speciem
669 2178 838 2260 pertinere
868 2182 1012 2260 apparet.
1057 2177 1163 2241 Recte
1192 2177 1286 2240 enirn
1308 2173 1385 2238 Har·

217 2285 353 2367 tongius
389 2281 504 2364 (Myth.
534 2282 587 2346 Gr.
611 2281 672 2366 III,
701 2303 731 2366 p.
756 2284 833 2364 209)
867 2302 988 2348 nomen
1020 2277 1139 2363 Ἀφαία
1165 2274 1236 2346 ‘die
1275 2273 1384 2347 Grane'

219 2391 464 2472 interpretatur,
489 2409 564 2453 oum
588 2409 632 2454 ex
654 2413 675 2454 α
688 2392 862 2474 privativo,
886 2393 971 2473 quod
987 2391 1118 2474 dicitur,
1143 2395 1177 2454 et
1199 2391 1385 2471 1611166166-

216 2497 370 2561 16166-
392 2496 476 2559 iliud
497 2499 713 2579 compositum
736 2517 810 2562 6666
832 2499 957 2563 doceat.
987 2498 1243 2562 Tenebricosam
1260 2497 1386 2562 Terram

220 2604 278 2667 vel
299 2602 439 2668 Noctem
465 2604 621 2667 videlicet
644 2605 817 2687 significat.
861 2603 936 2669 Non
958 2601 1078 2686 idem⁶i
1108 2605 1167 2669 sed
1190 2607 1386 2669 contrarium

217 2713 352 2776 notione
370 2715 420 2774 est
434 2707 693 2796 Leucothea⁷)
707 2731 805 2793 quam
820 2711 940 2777 Latine
950 2705 1161 2777 ‘Albuneam'
1178 2712 1387 2796 interpretari

219 2837 404 2903 possumus,
428 2837 512 2901 quae
535 2821 644 2883 nautis
668 2821 811 2903 propitia
835 2820 1049 2904 cogitabatur.

306 2922 398 3001 Quae
415 2943 489 2988 cum
508 2927 608 2989 etiam
622 2925 781 3007 Ihthyiae
797 2946 970 2991 munerum
988 2945 1120 3010 compos
1144 2929 1242 3007 esset,
1266 2927 1389 2990 Dianae

216 3035 372 3116 primitus
407 3029 556 3114 aequalis
590 3033 722 3097 videtur
756 3034 873 3116 fuisse,
910 3033 968 3098 sed
1003 3035 1202 3096 maritimam
1243 3035 1389 3098 eiusdem

220 3138 432 3204 Leucotheae
455 3144 607 3204 naturam
630 3142 708 3205 inde
731 3142 912 3225 proiectam
938 3159 1010 3205 esse
1032 3158 1162 3221 censeo,
1186 3141 1274 3221 quod
1300 3141 1390 3205 deam

223 3267 243 3309 a
264 3250 362 3330 gente
385 3248 552 3310 maritima
575 3249 713 3330 quadam
739 3249 863 3311 cultam
887 3265 960 3312 esse
983 3249 1178 3330 putaverim.

308 3351 450 3417 Omnino
473 3373 552 3417 vero
576 3354 661 3418 falso
684 3373 804 3418 nomen
829 3353 1143 3436 Leucophrynae
1175 3353 1294 3418 codem
1324 3357 1391 3419 loco

226 3462 360 3545 opponit
374 3459 591 3545 Hartungius,
615 3481 690 3524 cum
713 3462 747 3524 id
762 3460 890 3524 Dianae
916 3479 1098 3544 cognomen
1119 3459 1157 3522 ab
1176 3460 1259 3523 urbe
1278 3460 1392 3525 Cariae

162 3570 165 3576 '
226 3570 266 3632 ad
288 3566 503 3632 Maeandrum
535 3569 598 3631 sita
625 3568 766 3651 petitum
790 3570 841 3632 sit.
887 3567 1002 3649 Neque
1026 3568 1131 3650 magis
1155 3567 1299 3649 probare
1323 3586 1393 3652 pos-

294 3815 314 3883 ¹)
334 3816 368 3870 cf.
388 3814 535 3876 Preller‚
553 3814 644 3882 Myth.
664 3813 710 3869 Gr.
729 3815 763 3880 II,
783 3833 810 3884 p.
825 3815 883 3870 110.

293 3903 314 3972 ²)
335 3905 365 3958 r.
385 3904 433 3968 nr,
454 3906 495 3968 15,
514 3905 540 3958 s.
576 3902 678 3959 Heron.
698 3904 745 3970 vi,
765 3906 808 3960 61.

294 3991 315 4061 3)
334 3993 365 4047 P.
385 3992 433 4051 111,
454 3992 494 4058 19,
515 3994 531 4047 9
549 4009 590 4059 sq.

294 4079 318 4149 ⁴)
336 4082 400 4136 Eur.
420 4081 507 4136 Eleet.
528 4080 609 4136 1280:
630 4075 667 4142 oia·
684 4077 740 4150 ἔρις
757 4078 862 4150 γένοιτο
881 4078 927 4133 καὶ
945 4079 1033 4147 φόνος
1050 4079 1163 4147 βροτῶν.

294 4168 316 4239 ⁶)
336 4171 366 4227 P.
389 4171 425 4236 11,
451 4171 493 4238 30,
517 4171 581 4226 2eb
599 4171 624 4225 3.
659 4164 711 4222 Ἐν
736 4168 831 4238 Αἰγίνῃ
854 4165 883 4221 δὲ
906 4165 975 4233 πρὸς
996 4164 1028 4220 τὸ
1053 4161 1116 4233 ὄρος
1138 4166 1191 4216 τοῦ
1216 4167 1401 4236 Πανελληνίου

221 4243 291 4322 Arde
309 4259 397 4312 ἰοῦσίν
415 4254 486 4312 ἔστιν
501 4254 616 4327 Ἀφαίας
630 4255 710 4325 16666,
731 4253 758 4318 ἐς
769 4251 804 4324 ἣν
816 4256 861 4308 καὶ
876 4255 1014 4318 Πίνδαρος
1026 4243 1100 4327 ᾆσμα
1112 4249 1270 4319 Αἰγινήταις
1282 4249 1400 4322 ἐποίησε.

294 4346 316 4415 ⁶)
337 4350 411 4416 quod
431 4348 648 4416 Hartungius
667 4347 735 4400 vult.
954 4339 955 4344 ’

295 4437 316 4506 ⁷)
337 4439 370 4493 cf.
389 4439 546 4505 Preller‚
567 4437 657 4506 Myth.
677 4435 723 4491 Gr.
741 4432 765 4498 Ι,
782 4433 835 4487 493
854 4450 914 4500 sqq.
