<?xml version="1.0" encoding="UTF-8"?>
<!DOCTYPE html PUBLIC "-//W3C//DTD XHTML 1.0 Transitional//EN"
    "http://www.w3.org/TR/xhtml1/DTD/xhtml1-transitional.dtd">
<html xmlns="http://www.w3.org/1999/xhtml" xml:lang="en" lang="en">
 <head>
  <title>
</title>
<meta http-equiv="Content-Type" content="text/html;charset=utf-8" />
  <meta name='ocr-system' content='tesseract 3.04.00' />
  <meta name='ocr-capabilities' content='ocr_page ocr_carea ocr_par ocr_line ocrx_word'/>
</head>
<body>
  <div class='ocr_page' id='page_1' title='image "./dedianaeantiqui00claugoog_0019.png"; bbox 0 0 2872 4868; ppageno 0'>
   <div class='ocr_carea' id='block_1_1' title="bbox 729 231 748 291">
    <p class='ocr_par' dir='ltr' id='par_1_1' title="bbox 729 231 748 291">
     <span class='ocr_line' id='line_1_1' title="bbox 729 231 748 291; baseline 0 0"><span class='ocrx_word' id='word_1_1' title='bbox 729 231 748 291; x_wconf 87' lang='grc'>8</span> 
     </span>
    </p>
   </div>
   <div class='ocr_carea' id='block_1_2' title="bbox 633 319 845 326">
    <p class='ocr_par' dir='ltr' id='par_1_2' title="bbox 633 319 845 326">
     <span class='ocr_line' id='line_1_2' title="bbox 633 319 845 326; baseline 0 0"><span class='ocrx_word' id='word_1_2' title='bbox 633 319 845 326; x_wconf 75' lang='lat'>-—-—--—--</span> 
     </span>
    </p>
   </div>
   <div class='ocr_carea' id='block_1_3' title="bbox 156 441 1385 2987">
    <p class='ocr_par' dir='ltr' id='par_1_3' title="bbox 156 441 1329 847">
     <span class='ocr_line' id='line_1_3' title="bbox 158 441 1329 526; baseline 0.001 -21"><span class='ocrx_word' id='word_1_3' title='bbox 158 442 244 524; x_wconf 90' lang='lat' dir='ltr'><strong>quod</strong></span> <span class='ocrx_word' id='word_1_4' title='bbox 268 443 451 525; x_wconf 87' lang='lat' dir='ltr'><strong>mythologi</strong></span> <span class='ocrx_word' id='word_1_5' title='bbox 475 460 550 505; x_wconf 88' lang='lat' dir='ltr'><strong>cum</strong></span> <span class='ocrx_word' id='word_1_6' title='bbox 566 443 626 505; x_wconf 88' lang='lat' dir='ltr'><strong>illa</strong></span> <span class='ocrx_word' id='word_1_7' title='bbox 641 441 748 507; x_wconf 91' lang='lat' dir='ltr'><strong>Dione</strong></span> <span class='ocrx_word' id='word_1_8' title='bbox 773 461 962 526; x_wconf 88' lang='lat' dir='ltr'><strong>comparare</strong></span> <span class='ocrx_word' id='word_1_9' title='bbox 986 443 1103 522; x_wconf 80' lang='lat' dir='ltr'>solent,</span> <span class='ocrx_word' id='word_1_10' title='bbox 1127 461 1329 525; x_wconf 90' lang='lat' dir='ltr'><strong>quamquam</strong></span> 
     </span>
     <span class='ocr_line' id='line_1_4' title="bbox 157 548 1329 631; baseline 0 -19"><span class='ocrx_word' id='word_1_11' title='bbox 157 549 197 612; x_wconf 93' lang='lat' dir='ltr'><strong>ab</strong></span> <span class='ocrx_word' id='word_1_12' title='bbox 227 548 342 613; x_wconf 92' lang='lat' dir='ltr'><strong>eadem</strong></span> <span class='ocrx_word' id='word_1_13' title='bbox 365 549 476 613; x_wconf 90' lang='lat' dir='ltr'><strong>radice</strong></span> <span class='ocrx_word' id='word_1_14' title='bbox 505 548 706 614; x_wconf 87' lang='lat' dir='ltr'><strong>declinatum</strong></span> <span class='ocrx_word' id='word_1_15' title='bbox 734 554 793 631; x_wconf 87' lang='lat' dir='ltr'><strong>est,</strong></span> <span class='ocrx_word' id='word_1_16' title='bbox 826 550 926 614; x_wconf 90' lang='lat' dir='ltr'><strong>aliam</strong></span> <span class='ocrx_word' id='word_1_17' title='bbox 950 549 1251 614; x_wconf 77' lang='lat' dir='ltr'><strong>conformationem</strong></span> <span class='ocrx_word' id='word_1_18' title='bbox 1274 569 1329 613; x_wconf 87' lang='lat' dir='ltr'><strong>ex-</strong></span> 
     </span>
     <span class='ocr_line' id='line_1_5' title="bbox 156 656 1329 741; baseline 0 -23"><span class='ocrx_word' id='word_1_19' title='bbox 156 656 257 721; x_wconf 86' lang='lat' dir='ltr'><strong>hibet.</strong></span> <span class='ocrx_word' id='word_1_20' title='bbox 298 656 441 732; x_wconf 60' lang='lat' dir='ltr'><strong>,Dionae</strong></span> <span class='ocrx_word' id='word_1_21' title='bbox 475 657 578 739; x_wconf 89' lang='lat' dir='ltr'><strong>igitur</strong></span> <span class='ocrx_word' id='word_1_22' title='bbox 611 675 746 738; x_wconf 91' lang='lat' dir='ltr'><strong>nomen,</strong></span> <span class='ocrx_word' id='word_1_23' title='bbox 785 662 1018 741; x_wconf 77' lang='lat' dir='ltr'><strong>praeterquam</strong></span> <span class='ocrx_word' id='word_1_24' title='bbox 1051 657 1139 739; x_wconf 92' lang='lat' dir='ltr'><strong>quod</strong></span> <span class='ocrx_word' id='word_1_25' title='bbox 1175 677 1197 718; x_wconf 80' lang='lat' dir='ltr'><strong>a</strong></span> <span class='ocrx_word' id='word_1_26' title='bbox 1233 659 1270 721; x_wconf 93' lang='lat' dir='ltr'><strong>in</strong></span> <span class='ocrx_word' id='word_1_27' title='bbox 1305 677 1329 718; x_wconf 84' lang='lat' dir='ltr'><strong>a</strong></span> 
     </span>
     <span class='ocr_line' id='line_1_6' title="bbox 156 763 1199 847; baseline 0.001 -20"><span class='ocrx_word' id='word_1_28' title='bbox 156 769 318 828; x_wconf 88' lang='lat' dir='ltr'><strong>mutatum</strong></span> <span class='ocrx_word' id='word_1_29' title='bbox 342 768 403 844; x_wconf 87' lang='lat' dir='ltr'><strong>est,</strong></span> <span class='ocrx_word' id='word_1_30' title='bbox 428 782 503 828; x_wconf 91' lang='lat' dir='ltr'><strong>cum</strong></span> <span class='ocrx_word' id='word_1_31' title='bbox 525 764 586 828; x_wconf 90' lang='lat' dir='ltr'><strong>illa</strong></span> <span class='ocrx_word' id='word_1_32' title='bbox 608 763 730 828; x_wconf 86' lang='lat' dir='ltr'><strong>Latina</strong></span> <span class='ocrx_word' id='word_1_33' title='bbox 753 764 859 827; x_wconf 90' lang='lat' dir='ltr'><strong>forma</strong></span> <span class='ocrx_word' id='word_1_34' title='bbox 881 765 1014 829; x_wconf 92' lang='lat' dir='ltr'><strong>omnino</strong></span> <span class='ocrx_word' id='word_1_35' title='bbox 1038 766 1199 847; x_wconf 87' lang='lat' dir='ltr'><strong>congruit.</strong></span> 
     </span>
    </p>

    <p class='ocr_par' dir='ltr' id='par_1_4' title="bbox 156 869 1331 1702">
     <span class='ocr_line' id='line_1_7' title="bbox 246 869 1330 954; baseline 0 -20"><span class='ocrx_word' id='word_1_36' title='bbox 246 872 278 934; x_wconf 94' lang='lat' dir='ltr'><strong>A</strong></span> <span class='ocrx_word' id='word_1_37' title='bbox 309 870 496 935; x_wconf 89' lang='lat' dir='ltr'><strong>Dodonaeis</strong></span> <span class='ocrx_word' id='word_1_38' title='bbox 528 869 659 934; x_wconf 85' lang='lat' dir='ltr'><strong>Dionen</strong></span> <span class='ocrx_word' id='word_1_39' title='bbox 688 869 776 936; x_wconf 77' lang='lat' dir='ltr'><strong>Iovis</strong></span> <span class='ocrx_word' id='word_1_40' title='bbox 809 889 947 935; x_wconf 86' lang='lat' dir='ltr'><strong>uxorem</strong></span> <span class='ocrx_word' id='word_1_41' title='bbox 985 872 1164 954; x_wconf 89' lang='lat' dir='ltr'><strong>praecipue</strong></span> <span class='ocrx_word' id='word_1_42' title='bbox 1206 871 1330 934; x_wconf 90' lang='lat' dir='ltr'><strong>cultam</strong></span> 
     </span>
     <span class='ocr_line' id='line_1_8' title="bbox 158 976 1330 1060; baseline -0.003 -17"><span class='ocrx_word' id='word_1_43' title='bbox 158 997 232 1044; x_wconf 88' lang='lat' dir='ltr'><strong>esse</strong></span> <span class='ocrx_word' id='word_1_44' title='bbox 262 982 376 1042; x_wconf 91' lang='lat' dir='ltr'><strong>notum</strong></span> <span class='ocrx_word' id='word_1_45' title='bbox 405 982 463 1041; x_wconf 90' lang='lat' dir='ltr'><strong>est.</strong></span> <span class='ocrx_word' id='word_1_46' title='bbox 509 976 579 1041; x_wconf 92' lang='lat' dir='ltr'><strong>Iam</strong></span> <span class='ocrx_word' id='word_1_47' title='bbox 606 997 686 1042; x_wconf 85' lang='lat' dir='ltr'><strong>vero</strong></span> <span class='ocrx_word' id='word_1_48' title='bbox 716 995 790 1042; x_wconf 89' lang='lat' dir='ltr'><strong>cnm</strong></span> <span class='ocrx_word' id='word_1_49' title='bbox 824 996 978 1060; x_wconf 89' lang='lat' dir='ltr'><strong>magnam</strong></span> <span class='ocrx_word' id='word_1_50' title='bbox 1001 976 1161 1041; x_wconf 90' lang='lat' dir='ltr'><strong>Italorum</strong></span> <span class='ocrx_word' id='word_1_51' title='bbox 1189 981 1330 1060; x_wconf 86' lang='lat' dir='ltr'><strong>partem,</strong></span> 
     </span>
     <span class='ocr_line' id='line_1_9' title="bbox 156 1064 1328 1169; baseline -0.002 -20"><span class='ocrx_word' id='word_1_52' title='bbox 156 1090 333 1166; x_wconf 90' lang='lat' dir='ltr'><strong>antequam</strong></span> <span class='ocrx_word' id='word_1_53' title='bbox 361 1084 500 1148; x_wconf 90' lang='lat' dir='ltr'><strong>Adriam</strong></span> <span class='ocrx_word' id='word_1_54' title='bbox 524 1087 716 1167; x_wconf 77' lang='lat' dir='ltr'><strong>traicerent,</strong></span> <span class='ocrx_word' id='word_1_55' title='bbox 752 1087 788 1149; x_wconf 93' lang='lat' dir='ltr'><strong>in</strong></span> <span class='ocrx_word' id='word_1_56' title='bbox 814 1064 916 1169; x_wconf 74' lang='lat' dir='ltr'><strong>Epiro</strong></span> <span class='ocrx_word' id='word_1_57' title='bbox 949 1085 1116 1152; x_wconf 80' lang='lat' dir='ltr'><strong>habitasse</strong></span> <span class='ocrx_word' id='word_1_58' title='bbox 1148 1088 1283 1148; x_wconf 87' lang='lat' dir='ltr'><strong>constet</strong></span> <span class='ocrx_word' id='word_1_59' title='bbox 1296 1080 1328 1164; x_wconf 87' lang='lat'><strong>¹),</strong></span> 
     </span>
     <span class='ocr_line' id='line_1_10' title="bbox 157 1190 1329 1276; baseline -0.003 -20"><span class='ocrx_word' id='word_1_60' title='bbox 157 1192 296 1256; x_wconf 90' lang='lat' dir='ltr'><strong>eandem</strong></span> <span class='ocrx_word' id='word_1_61' title='bbox 318 1192 419 1256; x_wconf 89' lang='lat' dir='ltr'><strong>Italos</strong></span> <span class='ocrx_word' id='word_1_62' title='bbox 444 1197 477 1256; x_wconf 91' lang='lat' dir='ltr'><strong>et</strong></span> <span class='ocrx_word' id='word_1_63' title='bbox 499 1191 657 1276; x_wconf 87' lang='lat' dir='ltr'><strong>Pelasgos</strong></span> <span class='ocrx_word' id='word_1_64' title='bbox 673 1191 868 1257; x_wconf 90' lang='lat' dir='ltr'><strong>Dodonaeos</strong></span> <span class='ocrx_word' id='word_1_65' title='bbox 892 1193 1035 1256; x_wconf 88' lang='lat' dir='ltr'><strong>coluisse</strong></span> <span class='ocrx_word' id='word_1_66' title='bbox 1051 1191 1148 1255; x_wconf 88' lang='lat' dir='ltr'><strong>deam</strong></span> <span class='ocrx_word' id='word_1_67' title='bbox 1165 1190 1329 1273; x_wconf 78' lang='lat' dir='ltr'><strong>colligere</strong></span> 
     </span>
     <span class='ocr_line' id='line_1_11' title="bbox 157 1293 1331 1382; baseline -0.001 -21"><span class='ocrx_word' id='word_1_68' title='bbox 157 1317 339 1382; x_wconf 88' lang='lat' dir='ltr'><strong>possumus,</strong></span> <span class='ocrx_word' id='word_1_69' title='bbox 364 1317 505 1381; x_wconf 87' lang='lat' dir='ltr'><strong>cumque</strong></span> <span class='ocrx_word' id='word_1_70' title='bbox 528 1299 669 1363; x_wconf 88' lang='lat' dir='ltr'><strong>Romani</strong></span> <span class='ocrx_word' id='word_1_71' title='bbox 692 1299 894 1363; x_wconf 81' lang='lat' dir='ltr'><strong>Graecorum</strong></span> <span class='ocrx_word' id='word_1_72' title='bbox 908 1293 1054 1378; x_wconf 75' lang='grc' dir='ltr'><strong><em>’Ἄρτεμιν</em></strong></span> <span class='ocrx_word' id='word_1_73' title='bbox 1075 1297 1219 1360; x_wconf 89' lang='lat' dir='ltr'><strong>Dianam</strong></span> <span class='ocrx_word' id='word_1_74' title='bbox 1243 1299 1331 1381; x_wconf 91' lang='lat' dir='ltr'><strong>ipso·</strong></span> 
     </span>
     <span class='ocr_line' id='line_1_12' title="bbox 158 1393 1330 1489; baseline -0.003 -19"><span class='ocrx_word' id='word_1_75' title='bbox 158 1393 233 1469; x_wconf 87' lang='lat' dir='ltr'><strong>rum</strong></span> <span class='ocrx_word' id='word_1_76' title='bbox 257 1424 330 1470; x_wconf 89' lang='lat' dir='ltr'><strong>esse</strong></span> <span class='ocrx_word' id='word_1_77' title='bbox 353 1408 660 1489; x_wconf 87' lang='lat' dir='ltr'><strong>interpretarentur,</strong></span> <span class='ocrx_word' id='word_1_78' title='bbox 684 1425 727 1470; x_wconf 89' lang='lat' dir='ltr'><strong>ne</strong></span> <span class='ocrx_word' id='word_1_79' title='bbox 741 1402 889 1485; x_wconf 78' lang='grc' dir='ltr'><strong><em>’Ἄρτεμιν</em></strong></span> <span class='ocrx_word' id='word_1_80' title='bbox 912 1405 1046 1487; x_wconf 91' lang='lat' dir='ltr'><strong>quidem</strong></span> <span class='ocrx_word' id='word_1_81' title='bbox 1062 1405 1330 1485; x_wconf 81' lang='lat' dir='ltr'><strong>antiquissimam</strong></span> 
     </span>
     <span class='ocr_line' id='line_1_13' title="bbox 159 1511 1330 1594; baseline -0.003 -17"><span class='ocrx_word' id='word_1_82' title='bbox 159 1511 299 1577; x_wconf 90' lang='lat' dir='ltr'><strong>aDione</strong></span> <span class='ocrx_word' id='word_1_83' title='bbox 323 1513 487 1577; x_wconf 84' lang='lat' dir='ltr'><strong>diversam</strong></span> <span class='ocrx_word' id='word_1_84' title='bbox 510 1513 614 1578; x_wconf 88' lang='lat' dir='ltr'><strong>fuisse</strong></span> <span class='ocrx_word' id='word_1_85' title='bbox 639 1531 822 1594; x_wconf 81' lang='lat' dir='ltr'><strong>censemus,</strong></span> <span class='ocrx_word' id='word_1_86' title='bbox 847 1514 941 1578; x_wconf 86' lang='lat' dir='ltr'><strong>cuius</strong></span> <span class='ocrx_word' id='word_1_87' title='bbox 964 1515 1014 1576; x_wconf 87' lang='lat' dir='ltr'><strong>rei</strong></span> <span class='ocrx_word' id='word_1_88' title='bbox 1029 1512 1117 1576; x_wconf 85' lang='lat' dir='ltr'><strong>infra</strong></span> <span class='ocrx_word' id='word_1_89' title='bbox 1133 1511 1330 1594; x_wconf 83' lang='lat' dir='ltr'><strong>augebimus</strong></span> 
     </span>
     <span class='ocr_line' id='line_1_14' title="bbox 158 1624 361 1702; baseline 0.005 -20"><span class='ocrx_word' id='word_1_90' title='bbox 158 1624 361 1702; x_wconf 88' lang='lat' dir='ltr'><strong>argumenta.</strong></span> 
     </span>
    </p>

    <p class='ocr_par' dir='ltr' id='par_1_5' title="bbox 157 1718 1385 2987">
     <span class='ocr_line' id='line_1_15' title="bbox 246 1718 1385 1810; baseline -0.002 -20"><span class='ocrx_word' id='word_1_91' title='bbox 246 1725 420 1810; x_wconf 89' lang='lat' dir='ltr'><strong>Pergimus</strong></span> <span class='ocrx_word' id='word_1_92' title='bbox 442 1727 561 1791; x_wconf 87' lang='lat' dir='ltr'><strong>abhinc</strong></span> <span class='ocrx_word' id='word_1_93' title='bbox 583 1728 622 1791; x_wconf 89' lang='lat' dir='ltr'><strong>ad</strong></span> <span class='ocrx_word' id='word_1_94' title='bbox 646 1730 882 1809; x_wconf 89' lang='lat' dir='ltr'><strong>quaestionem,</strong></span> <span class='ocrx_word' id='word_1_95' title='bbox 904 1727 982 1808; x_wconf 93' lang='lat' dir='ltr'><strong>quid</strong></span> <span class='ocrx_word' id='word_1_96' title='bbox 1007 1718 1189 1805; x_wconf 75' lang='grc' dir='ltr'><strong><em>Ἀρτέμιδος</em></strong></span> <span class='ocrx_word' id='word_1_97' title='bbox 1210 1744 1332 1788; x_wconf 90' lang='lat' dir='ltr'><strong>nomen</strong></span> <span class='ocrx_word' id='word_1_98' title='bbox 1384 1745 1385 1750; x_wconf 50' lang='lat'>¹</span> 
     </span>
     <span class='ocr_line' id='line_1_16' title="bbox 158 1832 1332 1916; baseline -0.002 -20"><span class='ocrx_word' id='word_1_99' title='bbox 158 1833 337 1916; x_wconf 88' lang='lat' dir='ltr'><strong>significet,</strong></span> <span class='ocrx_word' id='word_1_100' title='bbox 373 1853 458 1916; x_wconf 91' lang='lat' dir='ltr'><strong>quae</strong></span> <span class='ocrx_word' id='word_1_101' title='bbox 487 1839 553 1897; x_wconf 89' lang='lat' dir='ltr'><strong>tam</strong></span> <span class='ocrx_word' id='word_1_102' title='bbox 583 1833 732 1898; x_wconf 88' lang='lat' dir='ltr'><strong>difficilis</strong></span> <span class='ocrx_word' id='word_1_103' title='bbox 761 1839 825 1916; x_wconf 88' lang='lat' dir='ltr'><strong>est,</strong></span> <span class='ocrx_word' id='word_1_104' title='bbox 855 1838 893 1897; x_wconf 90' lang='lat' dir='ltr'><strong>ut</strong></span> <span class='ocrx_word' id='word_1_105' title='bbox 922 1832 958 1896; x_wconf 82' lang='lat' dir='ltr'><strong>G.</strong></span> <span class='ocrx_word' id='word_1_106' title='bbox 984 1832 1116 1896; x_wconf 79' lang='lat' dir='ltr'><strong>Curtius</strong></span> <span class='ocrx_word' id='word_1_107' title='bbox 1147 1833 1229 1895; x_wconf 88' lang='lat' dir='ltr'><strong>artis</strong></span> <span class='ocrx_word' id='word_1_108' title='bbox 1263 1836 1332 1912; x_wconf 87' lang='lat' dir='ltr'><strong>ety-</strong></span> 
     </span>
     <span class='ocr_line' id='line_1_17' title="bbox 158 1934 1331 2024; baseline -0.002 -21"><span class='ocrx_word' id='word_1_109' title='bbox 158 1941 341 2024; x_wconf 90' lang='lat' dir='ltr'><strong>mologioae</strong></span> <span class='ocrx_word' id='word_1_110' title='bbox 369 1942 586 2024; x_wconf 86' lang='lat' dir='ltr'><strong>gravissimus</strong></span> <span class='ocrx_word' id='word_1_111' title='bbox 615 1944 727 2005; x_wconf 89' lang='lat' dir='ltr'><strong>auctor</strong></span> <span class='ocrx_word' id='word_1_112' title='bbox 760 1959 796 2004; x_wconf 90' lang='lat' dir='ltr'><strong>se</strong></span> <span class='ocrx_word' id='word_1_113' title='bbox 823 1942 908 2004; x_wconf 90' lang='lat' dir='ltr'><strong>illud</strong></span> <span class='ocrx_word' id='word_1_114' title='bbox 935 1941 1066 2003; x_wconf 88' lang='lat' dir='ltr'><strong>nescire</strong></span> <span class='ocrx_word' id='word_1_115' title='bbox 1095 1934 1331 2022; x_wconf 61' lang='lat' dir='ltr'><strong>profiteaturt.</strong></span> 
     </span>
     <span class='ocr_line' id='line_1_18' title="bbox 157 2045 1333 2130; baseline -0.003 -20"><span class='ocrx_word' id='word_1_116' title='bbox 157 2045 270 2111; x_wconf 92' lang='lat' dir='ltr'><strong>Primo</strong></span> <span class='ocrx_word' id='word_1_117' title='bbox 301 2047 561 2130; x_wconf 89' lang='lat' dir='ltr'><strong>conquirendum</strong></span> <span class='ocrx_word' id='word_1_118' title='bbox 590 2051 654 2130; x_wconf 89' lang='lat' dir='ltr'><strong>est,</strong></span> <span class='ocrx_word' id='word_1_119' title='bbox 683 2067 766 2130; x_wconf 89' lang='lat' dir='ltr'><strong>quac</strong></span> <span class='ocrx_word' id='word_1_120' title='bbox 796 2048 1028 2128; x_wconf 88' lang='lat' dir='ltr'><strong>antiquissima</strong></span> <span class='ocrx_word' id='word_1_121' title='bbox 1054 2047 1199 2109; x_wconf 90' lang='lat' dir='ltr'><strong>nominis</strong></span> <span class='ocrx_word' id='word_1_122' title='bbox 1225 2045 1333 2109; x_wconf 88' lang='lat' dir='ltr'><strong>forma</strong></span> 
     </span>
     <span class='ocr_line' id='line_1_19' title="bbox 159 2146 1332 2239; baseline -0.002 -21"><span class='ocrx_word' id='word_1_123' title='bbox 159 2156 213 2218; x_wconf 91' lang='lat' dir='ltr'><strong>sit.</strong></span> <span class='ocrx_word' id='word_1_124' title='bbox 262 2155 407 2239; x_wconf 85' lang='lat' dir='ltr'><strong>Vulgata</strong></span> <span class='ocrx_word' id='word_1_125' title='bbox 436 2153 636 2219; x_wconf 81' lang='lat' dir='ltr'><strong>Graecorum</strong></span> <span class='ocrx_word' id='word_1_126' title='bbox 668 2159 719 2219; x_wconf 91' lang='lat' dir='ltr'><strong>est</strong></span> <span class='ocrx_word' id='word_1_127' title='bbox 736 2146 899 2236; x_wconf 63' lang='grc' dir='ltr'><strong>Ἄρτεμις,</strong></span> <span class='ocrx_word' id='word_1_128' title='bbox 931 2152 967 2216; x_wconf 81' lang='lat' dir='ltr'><strong>G.</strong></span> <span class='ocrx_word' id='word_1_129' title='bbox 991 2150 1085 2235; x_wconf 79' lang='grc' dir='ltr'><em>-ιδος,</em></span> <span class='ocrx_word' id='word_1_130' title='bbox 1117 2151 1223 2216; x_wconf 88' lang='lat' dir='ltr'><strong>Dores</strong></span> <span class='ocrx_word' id='word_1_131' title='bbox 1252 2171 1332 2216; x_wconf 84' lang='lat' dir='ltr'><strong>vero</strong></span> 
     </span>
     <span class='ocr_line' id='line_1_20' title="bbox 158 2255 1335 2345; baseline -0.003 -21"><span class='ocrx_word' id='word_1_132' title='bbox 158 2260 255 2324; x_wconf 86' lang='lat' dir='ltr'><strong>deam</strong></span> <span class='ocrx_word' id='word_1_133' title='bbox 273 2255 432 2342; x_wconf 75' lang='grc' dir='ltr'><strong>’Ἀρταμιν</strong></span> <span class='ocrx_word' id='word_1_134' title='bbox 463 2261 675 2345; x_wconf 87' lang='lat' dir='ltr'><strong>appellabant</strong></span> <span class='ocrx_word' id='word_1_135' title='bbox 708 2265 740 2324; x_wconf 90' lang='lat' dir='ltr'><strong>et</strong></span> <span class='ocrx_word' id='word_1_136' title='bbox 772 2279 868 2324; x_wconf 90' lang='lat' dir='ltr'><strong>casus</strong></span> <span class='ocrx_word' id='word_1_137' title='bbox 901 2259 1052 2341; x_wconf 90' lang='lat' dir='ltr'><strong>obliquos</strong></span> <span class='ocrx_word' id='word_1_138' title='bbox 1080 2259 1279 2342; x_wconf 89' lang='lat' dir='ltr'><strong>plerumque</strong></span> <span class='ocrx_word' id='word_1_139' title='bbox 1315 2278 1335 2321; x_wconf 89' lang='lat' dir='ltr'><strong>a</strong></span> 
     </span>
     <span class='ocr_line' id='line_1_21' title="bbox 160 2359 1333 2449; baseline -0.002 -19"><span class='ocrx_word' id='word_1_140' title='bbox 160 2367 272 2431; x_wconf 88' lang='lat' dir='ltr'><strong>radice</strong></span> <span class='ocrx_word' id='word_1_141' title='bbox 301 2369 336 2430; x_wconf 91' lang='lat' dir='ltr'><strong>in</strong></span> <span class='ocrx_word' id='word_1_142' title='bbox 369 2373 504 2431; x_wconf 88' lang='lat' dir='ltr'><strong>tenuem</strong></span> <span class='ocrx_word' id='word_1_143' title='bbox 536 2368 710 2432; x_wconf 87' lang='lat' dir='ltr'><strong>desinente</strong></span> <span class='ocrx_word' id='word_1_144' title='bbox 738 2359 897 2446; x_wconf 84' lang='grc' dir='ltr'><strong><em>Ἀρτνμιτ-</em></strong></span> <span class='ocrx_word' id='word_1_145' title='bbox 928 2365 1120 2430; x_wconf 90' lang='lat' dir='ltr'><strong>flectebant:</strong></span> <span class='ocrx_word' id='word_1_146' title='bbox 1157 2369 1333 2449; x_wconf 89' lang='lat' dir='ltr'><strong>praeterea</strong></span> 
     </span>
     <span class='ocr_line' id='line_1_22' title="bbox 160 2472 1333 2558; baseline -0.003 -20"><span class='ocrx_word' id='word_1_147' title='bbox 160 2474 294 2538; x_wconf 83' lang='lat' dir='ltr'><strong>Etrusci</strong></span> <span class='ocrx_word' id='word_1_148' title='bbox 317 2475 451 2536; x_wconf 89' lang='lat' dir='ltr'><strong>nomine</strong></span> <span class='ocrx_word' id='word_1_149' title='bbox 474 2474 653 2537; x_wconf 86' lang='lat' dir='ltr'><strong>utebantur</strong></span> <span class='ocrx_word' id='word_1_150' title='bbox 675 2474 774 2558; x_wconf 91' lang='lat' dir='ltr'><strong>paulo</strong></span> <span class='ocrx_word' id='word_1_151' title='bbox 798 2473 996 2556; x_wconf 89' lang='lat' dir='ltr'><strong>degenerato</strong></span> <span class='ocrx_word' id='word_1_152' title='bbox 1020 2474 1172 2536; x_wconf 83' lang='lat' dir='ltr'><strong>Artamcs</strong></span> <span class='ocrx_word' id='word_1_153' title='bbox 1196 2473 1253 2535; x_wconf 82' lang='lat' dir='ltr'><strong>vel</strong></span> <span class='ocrx_word' id='word_1_154' title='bbox 1269 2472 1333 2534; x_wconf 90' lang='lat' dir='ltr'><strong>Ar·</strong></span> 
     </span>
     <span class='ocr_line' id='line_1_23' title="bbox 158 2575 1331 2664; baseline -0.003 -20"><span class='ocrx_word' id='word_1_155' title='bbox 158 2577 302 2663; x_wconf 81' lang='lat' dir='ltr'><strong>temcs³),</strong></span> <span class='ocrx_word' id='word_1_156' title='bbox 332 2585 366 2644; x_wconf 86' lang='lat' dir='ltr'><strong>et</strong></span> <span class='ocrx_word' id='word_1_157' title='bbox 389 2581 474 2664; x_wconf 89' lang='lat' dir='ltr'><strong>apud</strong></span> <span class='ocrx_word' id='word_1_158' title='bbox 499 2579 639 2662; x_wconf 82' lang='lat' dir='ltr'><strong>Scythas</strong></span> <span class='ocrx_word' id='word_1_159' title='bbox 662 2580 725 2645; x_wconf 89' lang='lat' dir='ltr'><strong>dea</strong></span> <span class='ocrx_word' id='word_1_160' title='bbox 749 2580 918 2644; x_wconf 88' lang='lat' dir='ltr'><strong>colebatur</strong></span> <span class='ocrx_word' id='word_1_161' title='bbox 941 2575 1162 2661; x_wconf 76' lang='lat' dir='ltr'><strong>Artimpasa4)</strong></span> <span class='ocrx_word' id='word_1_162' title='bbox 1184 2579 1331 2661; x_wconf 89' lang='lat' dir='ltr'><strong>nomine,</strong></span> 
     </span>
     <span class='ocr_line' id='line_1_24' title="bbox 161 2679 1336 2769; baseline -0.001 -18"><span class='ocrx_word' id='word_1_163' title='bbox 161 2707 259 2768; x_wconf 86' lang='lat' dir='ltr'><strong>quam</strong></span> <span class='ocrx_word' id='word_1_164' title='bbox 284 2687 472 2752; x_wconf 88' lang='lat' dir='ltr'><strong>Herodotus</strong></span> <span class='ocrx_word' id='word_1_165' title='bbox 500 2687 569 2769; x_wconf 88' lang='lat' dir='ltr'><strong>(IV,</strong></span> <span class='ocrx_word' id='word_1_166' title='bbox 592 2686 644 2768; x_wconf 80' lang='lat'><strong>59)</strong></span> <span class='ocrx_word' id='word_1_167' title='bbox 672 2679 870 2768; x_wconf 77' lang='grc' dir='ltr'><strong><em>Ἀφροδίτην</em></strong></span> <span class='ocrx_word' id='word_1_168' title='bbox 893 2679 1060 2766; x_wconf 81' lang='grc' dir='ltr'><strong><em>Οὐρανίαν</em></strong></span> <span class='ocrx_word' id='word_1_169' title='bbox 1085 2688 1336 2769; x_wconf 87' lang='lat' dir='ltr'><strong>interpretatur.</strong></span> 
     </span>
     <span class='ocr_line' id='line_1_25' title="bbox 159 2790 1335 2878; baseline -0.002 -20"><span class='ocrx_word' id='word_1_170' title='bbox 159 2794 209 2858; x_wconf 83' lang='lat' dir='ltr'><strong>Ea</strong></span> <span class='ocrx_word' id='word_1_171' title='bbox 233 2815 362 2878; x_wconf 91' lang='lat' dir='ltr'><strong>quoque</strong></span> <span class='ocrx_word' id='word_1_172' title='bbox 385 2797 529 2859; x_wconf 88' lang='lat' dir='ltr'><strong>nominis</strong></span> <span class='ocrx_word' id='word_1_173' title='bbox 552 2795 658 2859; x_wconf 89' lang='lat' dir='ltr'><strong>forma</strong></span> <span class='ocrx_word' id='word_1_174' title='bbox 681 2793 934 2858; x_wconf 87' lang='lat' dir='ltr'><strong>similitudinem</strong></span> <span class='ocrx_word' id='word_1_175' title='bbox 954 2790 1074 2856; x_wconf 80' lang='lat' dir='ltr'><strong>Graeci</strong></span> <span class='ocrx_word' id='word_1_176' title='bbox 1095 2792 1253 2856; x_wconf 86' lang='lat' dir='ltr'><strong>vocabuli</strong></span> <span class='ocrx_word' id='word_1_177' title='bbox 1277 2811 1335 2857; x_wconf 87' lang='lat' dir='ltr'><strong>ex·</strong></span> 
     </span>
     <span class='ocr_line' id='line_1_26' title="bbox 161 2896 1333 2987; baseline -0.003 -22"><span class='ocrx_word' id='word_1_178' title='bbox 161 2903 263 2984; x_wconf 90' lang='lat' dir='ltr'><strong>hibet,</strong></span> <span class='ocrx_word' id='word_1_179' title='bbox 289 2922 363 2967; x_wconf 90' lang='lat' dir='ltr'><strong>cum</strong></span> <span class='ocrx_word' id='word_1_180' title='bbox 387 2904 659 2987; x_wconf 89' lang='lat' dir='ltr'><strong>compositionem</strong></span> <span class='ocrx_word' id='word_1_181' title='bbox 682 2902 774 2964; x_wconf 90' lang='lat' dir='ltr'><strong>illius</strong></span> <span class='ocrx_word' id='word_1_182' title='bbox 798 2900 897 2963; x_wconf 85' lang='lat' dir='ltr'><strong>facile</strong></span> <span class='ocrx_word' id='word_1_183' title='bbox 915 2918 1139 2983; x_wconf 90' lang='lat' dir='ltr'><strong>agnoscamus.</strong></span> <span class='ocrx_word' id='word_1_184' title='bbox 1179 2896 1333 2981; x_wconf 85' lang='lat' dir='ltr'><strong>Namque</strong></span> 
     </span>
    </p>
   </div>
   <div class='ocr_carea' id='block_1_4' title="bbox 160 3001 1337 3628">
    <p class='ocr_par' dir='ltr' id='par_1_6' title="bbox 160 3001 1337 3628">
     <span class='ocr_line' id='line_1_27' title="bbox 162 3001 1336 3094; baseline 0 -25"><span class='ocrx_word' id='word_1_185' title='bbox 162 3001 285 3089; x_wconf 64' lang='grc' dir='ltr'><strong><em>Ἀρτιψ</em></strong></span> <span class='ocrx_word' id='word_1_186' title='bbox 310 3013 497 3094; x_wconf 89' lang='lat' dir='ltr'><strong>corruptam</strong></span> <span class='ocrx_word' id='word_1_187' title='bbox 510 3002 691 3091; x_wconf 78' lang='grc' dir='ltr'><strong><em>Ἀρτέμιδος</em></strong></span> <span class='ocrx_word' id='word_1_188' title='bbox 706 3008 846 3072; x_wconf 85' lang='lat' dir='ltr'><strong>formam</strong></span> <span class='ocrx_word' id='word_1_189' title='bbox 867 3025 940 3070; x_wconf 90' lang='lat' dir='ltr'><strong>esse</strong></span> <span class='ocrx_word' id='word_1_190' title='bbox 957 3006 1040 3070; x_wconf 89' lang='lat' dir='ltr'><strong>duco</strong></span> <span class='ocrx_word' id='word_1_191' title='bbox 1058 3010 1091 3069; x_wconf 90' lang='lat' dir='ltr'><strong>et</strong></span> <span class='ocrx_word' id='word_1_192' title='bbox 1114 3019 1222 3088; x_wconf 83' lang='grc' dir='ltr'><strong><em>-πασα,</em></strong></span> <span class='ocrx_word' id='word_1_193' title='bbox 1246 3006 1336 3087; x_wconf 90' lang='lat' dir='ltr'><strong>quod</strong></span> 
     </span>
     <span class='ocr_line' id='line_1_28' title="bbox 161 3110 1335 3200; baseline -0.003 -22"><span class='ocrx_word' id='word_1_194' title='bbox 161 3120 274 3198; x_wconf 86' lang='lat' dir='ltr'><strong>restat,</strong></span> <span class='ocrx_word' id='word_1_195' title='bbox 299 3135 317 3178; x_wconf 92' lang='lat' dir='ltr'><strong>a</strong></span> <span class='ocrx_word' id='word_1_196' title='bbox 340 3116 409 3180; x_wconf 88' lang='lat' dir='ltr'><strong>rad.</strong></span> <span class='ocrx_word' id='word_1_197' title='bbox 433 3121 505 3200; x_wconf 90' lang='lat' dir='ltr'><strong>pat</strong></span> <span class='ocrx_word' id='word_1_198' title='bbox 527 3114 561 3196; x_wconf 83' lang='lat' dir='ltr'><strong>(i.</strong></span> <span class='ocrx_word' id='word_1_199' title='bbox 579 3135 605 3180; x_wconf 92' lang='lat' dir='ltr'><strong>e.</strong></span> <span class='ocrx_word' id='word_1_200' title='bbox 630 3115 801 3196; x_wconf 89' lang='lat' dir='ltr'><strong>dominari,</strong></span> <span class='ocrx_word' id='word_1_201' title='bbox 826 3113 866 3176; x_wconf 87' lang='lat' dir='ltr'><strong>cf.</strong></span> <span class='ocrx_word' id='word_1_202' title='bbox 884 3111 1011 3177; x_wconf 82' lang='lat' dir='ltr'><strong>Sanscr.</strong></span> <span class='ocrx_word' id='word_1_203' title='bbox 1034 3113 1130 3195; x_wconf 91' lang='lat' dir='ltr'><strong>patis,</strong></span> <span class='ocrx_word' id='word_1_204' title='bbox 1156 3111 1211 3176; x_wconf 80' lang='lat' dir='ltr'><strong>Gr.</strong></span> <span class='ocrx_word' id='word_1_205' title='bbox 1231 3110 1335 3196; x_wconf 80' lang='grc' dir='ltr'><strong>πόσις,</strong></span> 
     </span>
     <span class='ocr_line' id='line_1_29' title="bbox 163 3219 1335 3305; baseline -0.002 -21"><span class='ocrx_word' id='word_1_206' title='bbox 163 3220 234 3285; x_wconf 89' lang='lat' dir='ltr'><strong>Lat.</strong></span> <span class='ocrx_word' id='word_1_207' title='bbox 269 3224 369 3305; x_wconf 89' lang='lat' dir='ltr'><strong>potis,</strong></span> <span class='ocrx_word' id='word_1_208' title='bbox 405 3221 552 3305; x_wconf 87' lang='lat' dir='ltr'><strong>possum)</strong></span> <span class='ocrx_word' id='word_1_209' title='bbox 588 3221 804 3286; x_wconf 84' lang='lat' dir='ltr'><strong>derivandum</strong></span> <span class='ocrx_word' id='word_1_210' title='bbox 838 3238 912 3284; x_wconf 88' lang='lat' dir='ltr'><strong>esse</strong></span> <span class='ocrx_word' id='word_1_211' title='bbox 946 3219 1250 3284; x_wconf 84' lang='lat' dir='ltr'><strong>verisimillimum</strong></span> <span class='ocrx_word' id='word_1_212' title='bbox 1275 3222 1335 3284; x_wconf 88' lang='lat' dir='ltr'><strong>est.</strong></span> 
     </span>
     <span class='ocr_line' id='line_1_30' title="bbox 168 3317 1336 3412; baseline 0 -24"><span class='ocrx_word' id='word_1_213' title='bbox 168 3321 386 3410; x_wconf 80' lang='grc' dir='ltr'><strong><em>Ἀρτίμπασνν</em></strong></span> <span class='ocrx_word' id='word_1_214' title='bbox 402 3330 512 3412; x_wconf 86' lang='lat' dir='ltr'><strong>igitur,</strong></span> <span class='ocrx_word' id='word_1_215' title='bbox 529 3331 558 3392; x_wconf 90' lang='lat' dir='ltr'><strong>si</strong></span> <span class='ocrx_word' id='word_1_216' title='bbox 574 3332 665 3392; x_wconf 87' lang='lat' dir='ltr'><strong>recte</strong></span> <span class='ocrx_word' id='word_1_217' title='bbox 682 3329 855 3411; x_wconf 87' lang='lat' dir='ltr'><strong>opinamur</strong></span> <span class='ocrx_word' id='word_1_218' title='bbox 870 3317 1025 3389; x_wconf 84' lang='lat' dir='ltr'><strong>‘Dianam</strong></span> <span class='ocrx_word' id='word_1_219' title='bbox 1040 3317 1214 3389; x_wconf 88' lang='lat' dir='ltr'><strong>dominam&#39;</strong></span> <span class='ocrx_word' id='word_1_220' title='bbox 1232 3327 1336 3390; x_wconf 88' lang='lat' dir='ltr'><strong>inter·</strong></span> 
     </span>
     <span class='ocr_line' id='line_1_31' title="bbox 161 3430 1335 3519; baseline 0 -23"><span class='ocrx_word' id='word_1_221' title='bbox 161 3436 288 3518; x_wconf 81' lang='lat' dir='ltr'><strong>pretori</strong></span> <span class='ocrx_word' id='word_1_222' title='bbox 310 3431 524 3519; x_wconf 75' lang='lat' dir='ltr'><strong>possumus5).</strong></span> <span class='ocrx_word' id='word_1_223' title='bbox 570 3436 848 3518; x_wconf 82' lang='lat' dir='ltr'><strong>Antiquissimum</strong></span> <span class='ocrx_word' id='word_1_224' title='bbox 875 3452 954 3497; x_wconf 85' lang='lat' dir='ltr'><strong>vero</strong></span> <span class='ocrx_word' id='word_1_225' title='bbox 982 3432 1121 3497; x_wconf 87' lang='lat' dir='ltr'><strong>formam</strong></span> <span class='ocrx_word' id='word_1_226' title='bbox 1144 3433 1181 3494; x_wconf 94' lang='lat' dir='ltr'><strong>in</strong></span> <span class='ocrx_word' id='word_1_227' title='bbox 1203 3430 1335 3514; x_wconf 83' lang='lat' dir='ltr'><strong>Dorica,</strong></span> 
     </span>
     <span class='ocr_line' id='line_1_32' title="bbox 160 3533 1337 3628; baseline 0 -26"><span class='ocrx_word' id='word_1_228' title='bbox 160 3533 328 3625; x_wconf 66' lang='lat' dir='ltr'><strong>&#39;‘siprapas,</strong></span> <span class='ocrx_word' id='word_1_229' title='bbox 358 3545 582 3628; x_wconf 88' lang='lat' dir='ltr'><strong>agnoscimus,</strong></span> <span class='ocrx_word' id='word_1_230' title='bbox 612 3542 698 3624; x_wconf 92' lang='lat' dir='ltr'><strong>qnod</strong></span> <span class='ocrx_word' id='word_1_231' title='bbox 724 3541 849 3605; x_wconf 85' lang='lat' dir='ltr'><strong>vocalis</strong></span> <span class='ocrx_word' id='word_1_232' title='bbox 879 3559 900 3599; x_wconf 84' lang='lat' dir='ltr'><strong>c</strong></span> <span class='ocrx_word' id='word_1_233' title='bbox 938 3540 1075 3603; x_wconf 89' lang='lat' dir='ltr'><strong>alterius</strong></span> <span class='ocrx_word' id='word_1_234' title='bbox 1104 3537 1254 3618; x_wconf 85' lang='lat' dir='ltr'><strong>syllabae</strong></span> <span class='ocrx_word' id='word_1_235' title='bbox 1286 3540 1337 3602; x_wconf 93' lang='lat' dir='ltr'><strong>in·</strong></span> 
     </span>
    </p>
   </div>
   <div class='ocr_carea' id='block_1_5' title="bbox 163 3763 1340 4468">
    <p class='ocr_par' dir='ltr' id='par_1_7' title="bbox 235 3763 930 3846">
     <span class='ocr_line' id='line_1_33' title="bbox 235 3763 930 3846; baseline -0.006 -15"><span class='ocrx_word' id='word_1_236' title='bbox 235 3772 256 3842; x_wconf 91' lang='lat'><strong>¹)</strong></span> <span class='ocrx_word' id='word_1_237' title='bbox 270 3763 312 3833; x_wconf 81' lang='lat' dir='ltr'><strong>ci.</strong></span> <span class='ocrx_word' id='word_1_238' title='bbox 329 3775 470 3846; x_wconf 84' lang='lat' dir='ltr'><strong>Helbig,</strong></span> <span class='ocrx_word' id='word_1_239' title='bbox 489 3773 649 3842; x_wconf 86' lang='lat' dir='ltr'><strong>„Hermes“,</strong></span> <span class='ocrx_word' id='word_1_240' title='bbox 667 3776 734 3830; x_wconf 89' lang='lat' dir='ltr'><strong>tom.</strong></span> <span class='ocrx_word' id='word_1_241' title='bbox 754 3771 796 3838; x_wconf 91' lang='lat'><strong>11,</strong></span> <span class='ocrx_word' id='word_1_242' title='bbox 814 3773 886 3841; x_wconf 91' lang='lat' dir='ltr'><strong>part.</strong></span> <span class='ocrx_word' id='word_1_243' title='bbox 905 3769 930 3827; x_wconf 87' lang='lat'><strong>3.</strong></span> 
     </span>
    </p>

    <p class='ocr_par' dir='ltr' id='par_1_8' title="bbox 234 3857 918 3934">
     <span class='ocr_line' id='line_1_34' title="bbox 234 3857 918 3934; baseline -0.003 -16"><span class='ocrx_word' id='word_1_244' title='bbox 234 3862 256 3930; x_wconf 83' lang='lat'><strong>²)</strong></span> <span class='ocrx_word' id='word_1_245' title='bbox 274 3865 367 3934; x_wconf 84' lang='lat' dir='ltr'><strong>Dtym.</strong></span> <span class='ocrx_word' id='word_1_246' title='bbox 386 3863 431 3920; x_wconf 81' lang='lat' dir='ltr'><strong>Gr.</strong></span> <span class='ocrx_word' id='word_1_247' title='bbox 451 3863 475 3916; x_wconf 88' lang='grc'><strong>4.</strong></span> <span class='ocrx_word' id='word_1_248' title='bbox 489 3865 540 3931; x_wconf 86' lang='lat' dir='ltr'><strong>cd,</strong></span> <span class='ocrx_word' id='word_1_249' title='bbox 560 3861 658 3934; x_wconf 63' lang='lat' dir='ltr'><strong>pass</strong></span> <span class='ocrx_word' id='word_1_250' title='bbox 677 3861 713 3930; x_wconf 85' lang='lat'><strong>(5.</strong></span> <span class='ocrx_word' id='word_1_251' title='bbox 727 3863 779 3928; x_wconf 79' lang='lat' dir='ltr'><strong>ed,</strong></span> <span class='ocrx_word' id='word_1_252' title='bbox 797 3878 825 3932; x_wconf 92' lang='lat' dir='ltr'><strong>p.</strong></span> <span class='ocrx_word' id='word_1_253' title='bbox 845 3857 918 3928; x_wconf 86' lang='grc'>556).</span> 
     </span>
    </p>

    <p class='ocr_par' dir='ltr' id='par_1_9' title="bbox 236 3943 1338 4022">
     <span class='ocr_line' id='line_1_35' title="bbox 236 3943 1338 4022; baseline -0.008 -13"><span class='ocrx_word' id='word_1_254' title='bbox 236 3950 257 4021; x_wconf 79' lang='lat'><strong>⁸)</strong></span> <span class='ocrx_word' id='word_1_255' title='bbox 276 3955 421 4021; x_wconf 85' lang='lat' dir='ltr'><strong>Dceclre,</strong></span> <span class='ocrx_word' id='word_1_256' title='bbox 440 3953 659 4022; x_wconf 79' lang='lat' dir='ltr'><strong>Bezzenbergers</strong></span> <span class='ocrx_word' id='word_1_257' title='bbox 670 3952 801 4021; x_wconf 75' lang='lat' dir='ltr'><strong>Bcitrage</strong></span> <span class='ocrx_word' id='word_1_258' title='bbox 812 3969 835 4006; x_wconf 78' lang='lat' dir='ltr'><strong>z.</strong></span> <span class='ocrx_word' id='word_1_259' title='bbox 848 3950 948 4005; x_wconf 88' lang='lat' dir='ltr'><strong>Kundc</strong></span> <span class='ocrx_word' id='word_1_260' title='bbox 961 3949 988 4002; x_wconf 89' lang='lat' dir='ltr'><strong>d.</strong></span> <span class='ocrx_word' id='word_1_261' title='bbox 1000 3946 1095 4016; x_wconf 83' lang='lat' dir='ltr'><strong>indog.</strong></span> <span class='ocrx_word' id='word_1_262' title='bbox 1107 3943 1167 4014; x_wconf 82' lang='lat' dir='ltr'><strong>Spr.</strong></span> <span class='ocrx_word' id='word_1_263' title='bbox 1180 3943 1216 4010; x_wconf 90' lang='lat'><strong>11,</strong></span> <span class='ocrx_word' id='word_1_264' title='bbox 1234 3963 1263 4014; x_wconf 93' lang='lat' dir='ltr'><strong>p.</strong></span> <span class='ocrx_word' id='word_1_265' title='bbox 1276 3943 1338 4000; x_wconf 84' lang='lat'><strong>163.</strong></span> 
     </span>
    </p>

    <p class='ocr_par' dir='ltr' id='par_1_10' title="bbox 237 4034 1338 4112">
     <span class='ocr_line' id='line_1_36' title="bbox 237 4034 1338 4112; baseline -0.009 -14"><span class='ocrx_word' id='word_1_266' title='bbox 237 4041 260 4112; x_wconf 84' lang='lat'><strong>⁴)</strong></span> <span class='ocrx_word' id='word_1_267' title='bbox 278 4044 343 4098; x_wconf 86' lang='lat' dir='ltr'><strong>Hcs.</strong></span> <span class='ocrx_word' id='word_1_268' title='bbox 360 4061 381 4100; x_wconf 85' lang='lat' dir='ltr'><strong>s.</strong></span> <span class='ocrx_word' id='word_1_269' title='bbox 393 4043 421 4098; x_wconf 92' lang='lat' dir='ltr'><strong>h.</strong></span> <span class='ocrx_word' id='word_1_270' title='bbox 435 4061 460 4098; x_wconf 86' lang='lat' dir='ltr'><strong>v.</strong></span> <span class='ocrx_word' id='word_1_271' title='bbox 478 4041 508 4098; x_wconf 82' lang='lat' dir='ltr'><strong>(l.</strong></span> <span class='ocrx_word' id='word_1_272' title='bbox 521 4042 544 4096; x_wconf 87' lang='grc' dir='ltr'><strong>Ι.</strong></span> <span class='ocrx_word' id='word_1_273' title='bbox 557 4041 589 4097; x_wconf 80' lang='lat' dir='ltr'><strong>G.</strong></span> <span class='ocrx_word' id='word_1_274' title='bbox 602 4059 630 4096; x_wconf 82' lang='lat' dir='ltr'><strong>n.</strong></span> <span class='ocrx_word' id='word_1_275' title='bbox 643 4039 720 4096; x_wconf 81' lang='lat'><strong>6014.</strong></span> <span class='ocrx_word' id='word_1_276' title='bbox 750 4041 783 4096; x_wconf 82' lang='lat' dir='ltr'><strong>cf.</strong></span> <span class='ocrx_word' id='word_1_277' title='bbox 797 4038 933 4096; x_wconf 77' lang='lat' dir='ltr'><strong>(lortius</strong></span> <span class='ocrx_word' id='word_1_278' title='bbox 951 4037 1024 4091; x_wconf 86' lang='lat' dir='ltr'><strong>Ann.</strong></span> <span class='ocrx_word' id='word_1_279' title='bbox 1036 4035 1108 4101; x_wconf 73' lang='lat' dir='ltr'><strong>Bor,</strong></span> <span class='ocrx_word' id='word_1_280' title='bbox 1126 4035 1193 4090; x_wconf 87' lang='lat' dir='ltr'><strong>tom.</strong></span> <span class='ocrx_word' id='word_1_281' title='bbox 1207 4034 1257 4103; x_wconf 78' lang='lat'><strong>36,</strong></span> <span class='ocrx_word' id='word_1_282' title='bbox 1269 4051 1298 4103; x_wconf 90' lang='lat' dir='ltr'><strong>p.</strong></span> <span class='ocrx_word' id='word_1_283' title='bbox 1312 4035 1338 4089; x_wconf 89' lang='lat'><strong>8.</strong></span> 
     </span>
    </p>

    <p class='ocr_par' dir='ltr' id='par_1_11' title="bbox 163 4121 1340 4468">
     <span class='ocr_line' id='line_1_37' title="bbox 237 4121 1340 4200; baseline -0.01 -13"><span class='ocrx_word' id='word_1_284' title='bbox 237 4129 259 4200; x_wconf 80' lang='lat'><strong>⁶)</strong></span> <span class='ocrx_word' id='word_1_285' title='bbox 277 4132 368 4187; x_wconf 88' lang='lat' dir='ltr'><strong>Aliter</strong></span> <span class='ocrx_word' id='word_1_286' title='bbox 386 4133 421 4187; x_wconf 87' lang='lat' dir='ltr'><strong>de</strong></span> <span class='ocrx_word' id='word_1_287' title='bbox 438 4132 492 4188; x_wconf 88' lang='lat' dir='ltr'><strong>hoc</strong></span> <span class='ocrx_word' id='word_1_288' title='bbox 510 4131 624 4186; x_wconf 87' lang='lat' dir='ltr'><strong>nomine</strong></span> <span class='ocrx_word' id='word_1_289' title='bbox 636 4130 781 4196; x_wconf 69' lang='lat' dir='ltr'><strong>Movere,</strong></span> <span class='ocrx_word' id='word_1_290' title='bbox 799 4130 851 4185; x_wconf 87' lang='lat' dir='ltr'><strong>Die</strong></span> <span class='ocrx_word' id='word_1_291' title='bbox 865 4126 1010 4183; x_wconf 76' lang='lat' dir='ltr'><strong>Pboniaier</strong></span> <span class='ocrx_word' id='word_1_292' title='bbox 1028 4125 1049 4191; x_wconf 89' lang='lat' dir='ltr'><strong>I,</strong></span> <span class='ocrx_word' id='word_1_293' title='bbox 1068 4141 1096 4194; x_wconf 91' lang='lat' dir='ltr'><strong>p.</strong></span> <span class='ocrx_word' id='word_1_294' title='bbox 1114 4123 1174 4179; x_wconf 81' lang='lat'><strong>624.</strong></span> <span class='ocrx_word' id='word_1_295' title='bbox 1201 4121 1340 4178; x_wconf 85' lang='lat' dir='ltr'><strong>Similiter</strong></span> 
     </span>
     <span class='ocr_line' id='line_1_38' title="bbox 163 4212 1338 4289; baseline -0.01 -12"><span class='ocrx_word' id='word_1_296' title='bbox 163 4221 358 4276; x_wconf 83' lang='lat' dir='ltr'><strong>Armeniorum</strong></span> <span class='ocrx_word' id='word_1_297' title='bbox 376 4222 422 4277; x_wconf 89' lang='lat' dir='ltr'><strong>dei</strong></span> <span class='ocrx_word' id='word_1_298' title='bbox 439 4236 542 4277; x_wconf 89' lang='lat' dir='ltr'><strong>nomen</strong></span> <span class='ocrx_word' id='word_1_299' title='bbox 560 4214 689 4289; x_wconf 77' lang='lat' dir='ltr'><strong>‘lieepas&#39;</strong></span> <span class='ocrx_word' id='word_1_300' title='bbox 709 4219 754 4287; x_wconf 82' lang='lat' dir='ltr'><strong>(ct.</strong></span> <span class='ocrx_word' id='word_1_301' title='bbox 768 4219 998 4285; x_wconf 85' lang='lat' dir='ltr'><strong>Mordtmann,</strong></span> <span class='ocrx_word' id='word_1_302' title='bbox 1016 4212 1147 4269; x_wconf 84' lang='lat' dir='ltr'><strong>Zeitschr.</strong></span> <span class='ocrx_word' id='word_1_303' title='bbox 1166 4213 1192 4267; x_wconf 76' lang='lat' dir='ltr'><strong>d.</strong></span> <span class='ocrx_word' id='word_1_304' title='bbox 1208 4212 1338 4266; x_wconf 82' lang='lat' dir='ltr'><strong>deutsch-</strong></span> 
     </span>
     <span class='ocr_line' id='line_1_39' title="bbox 164 4299 1338 4381; baseline -0.01 -16"><span class='ocrx_word' id='word_1_305' title='bbox 164 4309 301 4381; x_wconf 83' lang='lat' dir='ltr'><strong>morgenl.</strong></span> <span class='ocrx_word' id='word_1_306' title='bbox 320 4309 470 4366; x_wconf 75' lang='lat' dir='ltr'><strong>Gerellaoh.</strong></span> <span class='ocrx_word' id='word_1_307' title='bbox 492 4311 560 4365; x_wconf 90' lang='lat' dir='ltr'><strong>tom.</strong></span> <span class='ocrx_word' id='word_1_308' title='bbox 584 4309 631 4374; x_wconf 81' lang='grc'><strong>36,</strong></span> <span class='ocrx_word' id='word_1_309' title='bbox 655 4325 684 4378; x_wconf 84' lang='lat' dir='ltr'><strong>p.</strong></span> <span class='ocrx_word' id='word_1_310' title='bbox 706 4308 769 4376; x_wconf 82' lang='lat'><strong>633)</strong></span> <span class='ocrx_word' id='word_1_311' title='bbox 793 4306 977 4376; x_wconf 86' lang='lat' dir='ltr'><strong>compositum</strong></span> <span class='ocrx_word' id='word_1_312' title='bbox 999 4304 1110 4359; x_wconf 84' lang='lat' dir='ltr'><strong>videtur</strong></span> <span class='ocrx_word' id='word_1_313' title='bbox 1133 4317 1150 4356; x_wconf 86' lang='lat' dir='ltr'><strong>a</strong></span> <span class='ocrx_word' id='word_1_314' title='bbox 1171 4299 1248 4356; x_wconf 81' lang='lat' dir='ltr'><strong>Tios·</strong></span> <span class='ocrx_word' id='word_1_315' title='bbox 1270 4300 1289 4355; x_wconf 93' lang='lat' dir='ltr'><strong>i.</strong></span> <span class='ocrx_word' id='word_1_316' title='bbox 1313 4315 1338 4354; x_wconf 87' lang='lat' dir='ltr'><strong>a.</strong></span> 
     </span>
     <span class='ocr_line' id='line_1_40' title="bbox 166 4389 1339 4468; baseline -0.009 -15"><span class='ocrx_word' id='word_1_317' title='bbox 166 4396 234 4463; x_wconf 75' lang='grc' dir='ltr'><strong>Ζεύς</strong></span> <span class='ocrx_word' id='word_1_318' title='bbox 251 4401 296 4457; x_wconf 84' lang='lat' dir='ltr'><strong>vel</strong></span> <span class='ocrx_word' id='word_1_319' title='bbox 314 4400 363 4454; x_wconf 88' lang='lat' dir='ltr'><strong>Zin</strong></span> <span class='ocrx_word' id='word_1_320' title='bbox 381 4400 439 4457; x_wconf 80' lang='lat' dir='ltr'><strong>aive</strong></span> <span class='ocrx_word' id='word_1_321' title='bbox 457 4399 515 4468; x_wconf 82' lang='lat' dir='ltr'><strong>Tyr</strong></span> <span class='ocrx_word' id='word_1_322' title='bbox 534 4397 593 4466; x_wconf 87' lang='lat' dir='ltr'><strong>(qui</strong></span> <span class='ocrx_word' id='word_1_323' title='bbox 612 4396 811 4453; x_wconf 78' lang='lat' dir='ltr'><strong>Germanorum</strong></span> <span class='ocrx_word' id='word_1_324' title='bbox 830 4395 897 4449; x_wconf 85' lang='lat' dir='ltr'><strong>deus</strong></span> <span class='ocrx_word' id='word_1_325' title='bbox 914 4392 967 4462; x_wconf 84' lang='lat' dir='ltr'><strong>est)</strong></span> <span class='ocrx_word' id='word_1_326' title='bbox 991 4395 1020 4449; x_wconf 88' lang='lat' dir='ltr'><strong>ot</strong></span> <span class='ocrx_word' id='word_1_327' title='bbox 1037 4408 1100 4462; x_wconf 81' lang='lat' dir='ltr'><strong>-paa</strong></span> <span class='ocrx_word' id='word_1_328' title='bbox 1120 4392 1139 4449; x_wconf 90' lang='lat' dir='ltr'><strong>i.</strong></span> <span class='ocrx_word' id='word_1_329' title='bbox 1158 4406 1181 4446; x_wconf 87' lang='lat' dir='ltr'><strong>e.</strong></span> <span class='ocrx_word' id='word_1_330' title='bbox 1200 4389 1339 4445; x_wconf 71' lang='lat' dir='ltr'><strong>dominus</strong></span> 
     </span>
    </p>
   </div>
   <div class='ocr_carea' id='block_1_6' title="bbox 0 0 1449 4868">
    <p class='ocr_par' dir='ltr' id='par_1_12' title="bbox 0 0 1449 4868">
     <span class='ocr_line' id='line_1_41' title="bbox 0 0 1449 4868; baseline 0 0"><span class='ocrx_word' id='word_1_331' title='bbox 0 0 1449 4868; x_wconf 95' lang='lat' dir='ltr'><strong> </strong></span> 
     </span>
    </p>
   </div>
  </div>
 </body>
</html>
