2872 4868
777 254 817 314 12

209 465 322 529 lichen
348 463 476 529 Namen
503 465 714 548 wiedertand,
748 467 793 530 ist
825 467 862 528 in
895 465 955 530 der
984 465 1275 548 geschichtlichen
1304 464 1375 528 Ent-

209 572 397 655 wickelung
431 572 489 635 dos
520 573 700 654 religiosen
734 571 976 637 Bewusstseins
1010 571 1068 635 der
1098 570 1291 636 Bewohner
1324 572 1374 635 des

210 678 457 742 nordostlichen
473 678 735 743 Griechenlands
760 698 818 744 aus
842 679 919 744 dem
934 678 1058 744 Wesen
1081 679 1140 743 der
1156 680 1326 763 geistigen
1340 678 1374 761 (1)

212 785 360 849 Gottheit
382 784 488 850 Dione
511 778 820 870 hervorgegangen'.

299 892 487 956 Eorundem
515 895 674 976 gentium,
705 912 788 976 quae
804 887 954 974 ’Ἄρτεμιν
978 894 1074 958 deam
1096 899 1246 958 nostram
1271 895 1376 977 appel-

211 997 331 1080 labant,
366 1018 442 1082 pare
477 1019 525 1082 ea,
560 1019 645 1082 quae
678 1002 713 1064 in
750 1000 882 1064 Cretam
916 1002 1058 1064 insulam
1092 1002 1282 1082 transierat,
1319 1001 1377 1063 alio

211 1103 338 1168 Dianae
372 1108 505 1170 nomine
542 1107 770 1188 antiquissimo
805 1106 968 1187 utebatur,
1005 1105 1079 1169 dico
1114 1103 1378 1170 Britomartin

211 1219 246 1278 et
274 1213 394 1279 Graeci
423 1234 552 1297 quoque
580 1216 643 1279 hac
671 1216 847 1298 peregrina
881 1233 963 1279 voce
992 1213 1143 1294 Dianam,
1176 1231 1280 1294 quam
1314 1213 1377 1276 fere

213 1321 352 1385 eandem
387 1341 460 1386 esse
495 1323 591 1387 deam
627 1329 862 1407 cognoverant,
901 1323 1118 1388 nominabant
1127 1319 1160 1402 1).
1217 1320 1377 1385 Usitatius

213 1427 347 1509 quidem
375 1433 446 1492 erat
471 1430 659 1511 Dictynnae
688 1449 819 1510 nomen,
856 1431 943 1511 quod
972 1430 1061 1493 idem
1091 1447 1110 1491 e
1135 1428 1235 1492 oreta
1263 1430 1378 1507 insula,

214 1536 307 1597 ouius
341 1536 377 1597 in
411 1536 610 1600 occidentali
644 1541 737 1620 parte
773 1539 919 1600 maxime
953 1537 1130 1618 colebatur,
1166 1535 1209 1598 ad
1238 1534 1378 1600 Graecos

212 1647 411 1724 pervenerat
420 1639 454 1725 21.
511 1641 582 1707 Iam
616 1662 695 1708 roro
730 1645 874 1728 primum
902 1644 945 1707 de
980 1643 1210 1707 Britomartios
1249 1645 1379 1707 nomine

213 1767 358 1832 agamur,
394 1752 488 1815 cuius
522 1753 829 1834 interpretationem
866 1751 995 1815 Cretica
1031 1770 1048 1813 e
1083 1752 1197 1833 lingua
1233 1751 1380 1814 haustam

213 1855 321 1935 Etym.
349 1855 458 1940 Magn.
494 1854 531 1937 (s.
561 1857 591 1920 h.
618 1857 662 1939 v.)
697 1856 841 1920 tradidit.
896 1848 1052 1926 ‘Duloem
1080 1849 1253 1940 virginem’
1284 1855 1379 1920 verba

214 1963 330 2026 audire
364 1964 619 2047 lexicographus
654 1964 744 2045 dicit,
780 1983 855 2029 cum
878 1956 1000 2028 ‘brito-²
1029 1964 1118 2027 idem
1155 1964 1243 2045 quod
1280 1964 1379 2044 dulce,

208 2062 346 2133 ‘martis'
378 2071 472 2153 virgo
504 2072 547 2133 sit
557 2066 590 2151 ³).
635 2070 709 2135 Etsi
732 2071 815 2136 haec
837 2073 928 2135 notio
951 2090 1017 2135 non
1041 2073 1120 2134 satis
1144 2074 1222 2154 apta
1243 2071 1381 2152 videtur,

213 2182 324 2242 tamen
348 2179 473 2260 aliquid
496 2180 568 2244 veri
589 2181 626 2242 in
648 2180 708 2243 illa
730 2179 1004 2263 interpretatione
1027 2180 1123 2242 inest.
1147 2170 1278 2242 ‘Brito-²
1296 2179 1382 2241 enim

215 2285 305 2349 idern
334 2304 407 2349 esse
438 2305 557 2350 censeo
581 2290 680 2368 atque
704 2287 905 2351 adiectivum
927 2287 1035 2350 blitha
1056 2285 1111 2348 vel
1134 2284 1226 2348 blide
1252 2284 1383 2348 Germa·

211 2385 337 2471 nicom,
373 2394 427 2455 cui
461 2395 549 2456 inest
580 2394 671 2456 notio
700 2384 813 2456 ‘mitis'
847 2394 911 2457 vel·
930 2385 1063 2457 ‘suavis'
1098 2392 1153 2454 vel
1183 2382 1316 2454 ‘dulcis'
1353 2393 1382 2454 et

216 2496 454 2562 Sanscriticum
476 2503 564 2581 prita
586 2501 607 2562 i.
624 2519 651 2566 e.
667 2500 783 2563 hilaris
793 2497 828 2582 4),
854 2519 929 2564 cum
945 2523 957 2562 ι
972 2502 1007 2563 in
1023 2497 1234 2563 Britomartis
1250 2501 1382 2562 nomine

217 2607 371 2688 primitus
404 2607 539 2689 longum
575 2624 649 2670 esse
685 2625 852 2688 censeam,
893 2625 1092 2688 quamquam
1126 2625 1146 2668 a
1183 2605 1384 2669 Callimacho
1416 2653 1417 2658 1

219 2713 260 2795 (h.
288 2714 309 2775 i.
337 2712 375 2776 D.
403 2733 432 2776 v.
462 2712 547 2794 190.)
578 2733 622 2777 ex
649 2716 748 2777 metri
776 2716 978 2778 necessitate
1008 2714 1191 2796 corripitur.
1246 2711 1298 2776 De
1327 2713 1383 2775 hac

216 2823 319 2905 igitur
349 2823 457 2904 priore
480 2822 635 2886 vocabuli
657 2826 751 2904 parte
776 2842 850 2885 cum
874 2821 1122 2903 lexicographis
1146 2821 1384 2883 consentimus:

217 2947 326 3010 neque
348 2931 459 2992 tamen
482 2929 518 2991 in
540 2929 733 3011 posterioris
751 2919 888 2991 ‘martis'
919 2927 1143 3010 explicatione
1172 2927 1383 3007 acquiescere

217 3054 400 3119 possumne,
429 3055 504 3100 cum
530 3036 695 3119 virginem
724 3055 743 3098 a
768 3035 920 3099 Uretibus
949 3053 1015 3097 non
1033 3024 1186 3097 ‘mortim'
1212 3033 1272 3097 sed
1291 3025 1384 3097 ‘mar-

217 3135 302 3205 nam’
327 3142 450 3205 dictam
474 3161 547 3207 esse
572 3138 759 3225 sciamus5).
806 3140 877 3204 Iam
900 3159 978 3204 vero
1004 3159 1079 3204 cum
1093 3137 1279 3221 Indogcrm.
1303 3141 1385 3204 radi·

218 3267 291 3312 cem
307 3237 417 3310 ‘emar’
441 3249 461 3310 i.
486 3267 513 3311 e.
537 3250 731 3312 meminisse
754 3249 810 3312 vel
827 3240 983 3311 ‘smarati’
1016 3253 1035 3310 i.
1061 3265 1087 3309 e.
1112 3264 1238 3309 memor
1267 3247 1386 3311 habea·

217 3373 291 3418 mus
302 3349 336 3434 6),
369 3354 447 3417 inde
475 3373 596 3418 nomen
619 3346 755 3418 ‘martis'
785 3354 1013 3419 deducendum
1043 3372 1116 3418 esse
1150 3354 1318 3436 existimo,
1352 3357 1386 3416 ut

221 3451 544 3544 composita'nostra
570 3479 651 3526 vooe
675 3460 746 3524 fere
769 3460 858 3524 idem
883 3462 968 3542 quod
991 3453 1140 3540 εὐ-μενής
1164 3461 1387 3541 significatum

220 3587 293 3633 esse
327 3568 487 3631 videatur.
544 3567 656 3650 Atque
689 3569 726 3630 in
760 3568 822 3631 hac
858 3568 1081 3650 explicatione
1115 3567 1195 3629 artie
1230 3570 1388 3649 etymolo-

297 3799 318 3869 1)
337 3800 371 3856 cf.
390 3800 469 3855 Paua.
488 3800 537 3866 ΙΙΙ,
561 3798 602 3866 14,
621 3799 654 3854 2:
685 3799 835 3869 Nymphae
856 3798 974 3854 formam
997 3802 1095 3868 postca
1118 3796 1193 3866 apud
1212 3795 1335 3854 Graecos
1350 3798 1390 3852 in·

221 3891 290 3945 duit.
327 3889 407 3945 Paua.
423 3889 458 3956 II,
477 3889 520 3955 30,
533 3890 563 3944 3:
582 3887 691 3944 Gallim.
709 3888 805 3957 hymn.
824 3887 855 3943 in
872 3887 961 3957 Dian,
980 3907 1005 3943 v.
1021 3885 1079 3955 199,
1099 3888 1129 3941 et
1145 3886 1209 3941 adn.
1228 3885 1390 3956 Spanhemii

218 3979 248 4033 in
266 3979 324 4034 eius
342 3980 385 4034 ed·
403 3978 439 4045 ΙΙ,
457 3997 485 4049 p.
504 3976 564 4034 258.
601 3977 727 4043 Hoeck,
746 3977 840 4043 Krata,
859 3977 894 4043 Π,
913 3996 940 4048 p.
960 3974 1020 4045 158,
1040 3976 1099 4030 180.

295 4065 316 4134 ²)
336 4067 366 4123 P.
386 4068 419 4134 X,
438 4068 481 4134 86,
501 4070 526 4124 5.
562 4067 625 4123 Eur.
643 4067 729 4136 Hipp.
748 4085 774 4121 v.
795 4066 854 4132 146,
874 4066 951 4121 1130.
988 4063 1128 4134 Aristopb.
1147 4063 1216 4118 Ran.
1238 4064 1318 4121 1359.

293 4153 313 4222 8)
333 4156 399 4211 Hes.
416 4173 436 4211 s.
455 4174 480 4212 v.
498 4153 586 4226 βριτύ.

291 4242 314 4311 ⁴)
333 4244 428 4312 Fick,
447 4244 465 4298 l.
485 4244 503 4299 l.
522 4264 550 4314 p.
569 4241 629 4300 825.

293 4331 315 4401 ⁶)
332 4333 428 4402 steph.
447 4332 511 4403 Byr.
529 4351 550 4388 s.
569 4353 595 4389 v.
615 4330 673 4396 Γάζ
693 4373 699 4388 .

292 4419 314 4492 ⁶)
332 4423 429 4489 Fiok,
448 4421 467 4477 l.
486 4422 505 4476 1.
524 4441 551 4491 p.
569 4423 633 4478 218:
652 4421 780 4477 Indidem
797 4418 902 4488 μάρτυς
919 4437 1029 4476 nomen.
