2872 4868
784 259 825 324 78

311 473 446 539 Talibus
470 474 573 556 igitur
596 475 818 537 monumentis
833 472 990 536 docemur
1005 471 1119 534 leones
1137 468 1263 534 Dianae
1279 483 1363 533 sacru
1401 492 1414 519 1

225 581 338 664 fuisse,
362 597 463 664 quaro
478 579 671 663 Homerum,
696 597 770 643 oum
794 579 834 643 de
850 577 957 643 Diana
973 577 1110 641 dixerit:
1134 569 1201 637 ἐπεί
1224 585 1258 636 oa
1279 567 1374 637 λέοντα·
1409 596 1429 627 o

221 683 369 768 γυναιξὶν
393 679 476 758 Ζεὺς
498 684 617 767 θῆκεν,
647 687 737 749 certe
767 685 858 750 illius
881 683 1008 747 Dianae
1032 682 1176 763 symboli
1198 682 1370 746 meminisse
1414 677 1434 741 a

222 792 470 857 concedendum
493 793 564 856 erit.
609 789 770 856 Similiter
791 810 857 855 non
881 791 954 855 sine
976 791 1106 853 ratione
1130 793 1208 853 ante
1230 787 1374 871 templum
1423 803 1434 847 1

219 899 347 963 Dianae
374 898 520 963 Dacicae
543 897 665 964 Thebis
693 900 823 963 leonem
854 900 999 983 positum
1027 893 1162 977 fuisse¹)
1192 895 1373 980 putaverim
1430 914 1434 956 1

308 1005 381 1070 Illis
409 1005 525 1090 figuris
542 1008 643 1070 etiam
659 1007 925 1089 antiquissimum
942 1005 1265 1084 celeberrimumque
1281 1019 1378 1076 monu-

219 1117 368 1178 mentum
391 1112 578 1196 adnumero,
603 1114 696 1176 ouius
718 1113 803 1176 ratio
826 1111 932 1175 adhuc
952 1111 1098 1176 nondum
1120 1110 1204 1173 satis
1218 1110 1379 1192 perspecta

221 1225 281 1300 est,
306 1238 504 1301 quamquam
520 1219 703 1284 doctissimi
725 1220 790 1281 viri
812 1217 853 1282 de
871 1219 930 1282 illo
946 1218 1051 1281 multa
1067 1217 1297 1280 coniecerimt:
1320 1214 1379 1278 dico

221 1324 441 1408 Mycenarum
467 1326 591 1410 grande
613 1330 871 1408 monumentum,
900 1343 984 1407 quae
1007 1325 1106 1407 vulgo
1134 1324 1271 1387 leonum
1299 1323 1381 1404 porta

219 1437 364 1497 vocatu.
410 1431 526 1515 Neque
551 1435 638 1497 enim
664 1434 859 1513 columnam,
888 1451 972 1515 quaa
1004 1433 1039 1495 in
1062 1430 1173 1495 medio
1201 1430 1312 1513 posita
1333 1429 1381 1508 est,

220 1557 329 1622 nequo
352 1540 465 1604 leones
488 1558 549 1622 per
572 1558 608 1604 se
632 1541 843 1624 interpretari
864 1555 1049 1622 possumus,
1073 1535 1132 1601 sed
1154 1554 1313 1617 conexus,
1335 1534 1382 1616 qui

220 1649 307 1711 inter
330 1645 411 1710 duas
435 1649 641 1711 monumenti
670 1651 781 1731 partas
810 1646 952 1728 intersit,
983 1645 1089 1729 primo
1120 1643 1207 1707 ratio
1240 1640 1382 1706 habenda

219 1758 277 1819 est.
321 1752 439 1836 Itaque
469 1758 580 1818 emant
603 1757 637 1818 et
659 1755 701 1833 ei,
732 1755 790 1836 qui
813 1753 999 1816 columnam
1023 1739 1087 1835 'pro
1111 1745 1304 1829 Mercurii2)
1328 1751 1382 1842 ,aut

220 1861 388 1944 Apollinis
411 1860 522 1944 Agyei
546 1861 694 1942 symbolo
718 1860 851 1942 habent,
875 1879 950 1923 oum
973 1860 1108 1923 leonum
1131 1858 1382 1941 explicationem

220 1966 426 2050 probabilem
449 1971 619 2051 praestare
645 1969 870 2051 nonpossint,
899 1970 933 2031 et
956 1968 996 2049 ei,
1025 1966 1082 2047 qni
1106 1963 1227 2028 stolam
1254 1963 1382 2026 minoris

148 2127 150 2133 ,
219 2092 293 2138 esse
317 2075 476 2137 momenti
500 2073 697 2137 arbitrantes
720 2077 824 2137 totum
848 2075 1096 2138 monumentum
1112 2071 1247 2153 signum
1262 2069 1383 2150 symbc

218 2180 353 2261 lumque
375 2179 469 2243 urbis
485 2181 647 2263 regnique
659 2181 819 2260 Assyriae
835 2197 925 2242 more
943 2181 1139 2262 conceptum
1155 2170 1383 2254 existimant3).

220 2286 316 2350 Dcite
341 2288 430 2349 enim
453 2286 571 2349 stolam
589 2286 795 2369 explicemus
810 2303 948 2350 necesse
966 2288 1025 2348 est.
1056 2282 1182 2347 Tamen
1197 2284 1234 2345 in
1251 2287 1383 2364 utraque

219 2393 384 2455 sententia
406 2391 532 2473 aliquid
554 2392 627 2454 veri
651 2392 752 2472 inest3
784 2392 969 2456 columnam
997 2390 1049 2453 illi
1077 2409 1135 2474 pro
1165 2389 1221 2453 dei
1250 2390 1384 2453 alicuius

220 2497 368 2578 symbolo
392 2495 568 2578 habebant,
591 2515 656 2578 qua
678 2499 714 2560 in
736 2516 773 2562 re
794 2481 949 2562 assentiri
971 2493 1114 2582 possum.
1144 2497 1385 2579 Antiquissima
1433 2493 1434 2554 J

222 2605 311 2668 enim
346 2608 455 2667 aetate
490 2603 667 2667 simulacra
702 2604 838 2668 deorum
872 2605 1067 2688 saepissime
1101 2603 1241 2667 rudibus
1275 2603 1384 2687 figuris

220 2710 499 2796 exprimebantur.
530 2709 659 2774 Deinde
683 2711 806 2787 leones,
830 2713 887 2794 qui
911 2712 1053 2795 appositi
1074 2714 1159 2792 sunt,
1183 2729 1261 2773 oum
1277 2711 1384 2775 alteris

218 2819 428 2882 consentiens
458 2836 525 2881 non
556 2816 664 2880 solum
696 2810 918 2897 ἀποτροπαίου
950 2820 1055 2881 instar
1090 2816 1258 2882 adhibitos
1283 2811 1383 2899 esse4)

218 2926 413 3009 putaverim,
438 2923 497 2987 sed
520 2924 648 2988 bestiae
674 2922 715 2988 ad
738 2925 857 2989 stelam
882 2944 1011 2989 conexu
1035 2923 1385 3007 quodam-referendae

218 3031 302 3096 mihi
323 3030 488 3110 videntur,
513 3049 653 3111 eumque
679 3031 865 3094 columnam
887 3049 945 3114 pro
969 3030 1023 3094 dei
1038 3030 1094 3093 vel
1112 3029 1194 3094 deae
1211 3031 1384 3095 simulacro

219 3137 411 3216 habeamus,
433 3137 470 3198 in
493 3154 533 3199 ea
557 3137 709 3200 columna
731 3135 857 3200 Dianae
887 3137 1154 3218 antiquissimum
1178 3140 1385 3220 agnoscimus

220 3237 472 3324 simulacrum5).
524 3241 614 3306 Huic
651 3244 740 3308 enim
775 3244 856 3308 deae
891 3244 1005 3308 leones
1041 3247 1250 3309 consecratos
1285 3243 1385 3308 fuisse

220 3347 315 3414 modo
340 3347 521 3413 docuimus.
566 3347 683 3430 ltaque
707 3351 769 3414 hoc
793 3369 874 3434 opus
903 3350 989 3415 nihil
1011 3349 1102 3414 aliud
1130 3355 1181 3414 est
1210 3352 1279 3415 nisi
1308 3353 1386 3415 anti-

218 3456 377 3538 quissima
410 3457 543 3520 illarum
576 3456 757 3540 figurarum
790 3457 908 3540 forma,
940 3459 1024 3539 qu'ae
1054 3456 1195 3521 Dianam
1226 3458 1387 3523 exhibent

218 3582 293 3626 oum
317 3563 443 3627 duabus
466 3563 584 3628 bestiis
609 3565 827 3628 coniunctam.
872 3563 946 3628 Hoc
970 3564 1105 3646 quidem
1133 3565 1294 3648 inopere
1323 3585 1386 3629 ma·

218 3669 316 3734 nibus
338 3670 464 3755 figurae
487 3690 553 3735 non
576 3675 733 3735 tenentur
756 3672 878 3751 leones,
907 3671 967 3735 sed
995 3672 1164 3756 supposita
1187 3670 1262 3734 basi
1286 3673 1387 3736 erecti

290 3899 310 3969 ¹)
328 3900 359 3955 P.
378 3901 426 3968 IX,
447 3900 488 3966 17,
507 3902 532 3955 2.

288 3988 310 4056 ²)
330 3989 530 4059 GoeltHng,
550 3989 735 4046 Gesammelte
748 3990 888 4046 Abhandl.
907 4008 955 4046 aus
974 3992 1000 4046 d.
1019 3991 1102 4046 lilaea.
1120 3989 1242 4045 Alterth.
1261 3991 1283 4057 I,
1303 4009 1332 4061 p.
1347 3990 1386 4044 52.

289 4076 359 4146 3)11.
379 4076 514 4134 Curtius
532 4081 566 4134 de
585 4080 639 4134 hoc
658 4081 852 4150 operarerbis
873 4073 1055 4150 ‘Assyrisoher
1074 4074 1272 4150 Wappenstyl'
1291 4082 1388 4136 utitur.

285 4164 308 4236 ⁴)
326 4167 401 4223 Nam
418 4169 440 4222 si
461 4171 569 4224 tantum
590 4170 682 4224 hostes
699 4170 823 4224 terrendi
836 4186 917 4225 causa
930 4171 1024 4226 leones
1037 4172 1134 4239 portae
1147 4169 1276 4238 impositi
1288 4173 1388 4236 essent,

217 4257 346 4313 columna
364 4259 392 4312 et
410 4257 469 4312 basi
488 4276 545 4315 non
564 4276 633 4328 opus
650 4258 753 4314 fuisset.

288 4343 310 4412 ⁵)
330 4346 364 4401 cf.
383 4346 551 4418 Arohtolog.
571 4347 658 4418 Zeitg.
678 4347 755 4414 1880,
774 4347 831 4402 tab.
850 4347 897 4414 Ill,
916 4367 957 4406 nr.
978 4349 1001 4414 1,
1021 4349 1052 4402 3:
1072 4348 1121 4402 ubi
1139 4348 1242 4416 figuras
1255 4339 1389 4404 ‘Deorum

215 4429 328 4503 Matris’,
348 4436 392 4492 vel
410 4438 504 4506 potius
524 4437 630 4492 Dianae
649 4437 735 4492 habes
754 4437 880 4495 leonibus
899 4437 996 4492 crectis
1015 4429 1187 4492 simillimas’.
1241 4423 1256 4434 ¹,
