2872 4868
545 320 758 415 „Ei-

1 515 12 624 ἴ
61 523 271 611 ἐϋστέφανος,
294 524 495 614 χρυσήνιος),
527 533 583 597 hic
612 551 692 596 vero
724 537 839 596 sancta
861 533 917 596 vel
939 534 1048 616 virgo,
1079 534 1239 614 mitisque

1 623 12 646 ⁸
60 638 129 701 tela
155 639 189 700 ei
211 636 412 701 tribuuntur.
453 636 646 703 Sententiae
662 640 766 723 igitur
782 639 823 704 de
840 639 903 703 dea
917 643 1029 704 nostra
1044 639 1105 702 illa
1120 645 1238 723 aetate,

62 763 148 825 quae
172 745 262 808 inter
284 743 403 809 Iliadis
427 749 462 809 et
477 743 647 826 Odysseae
671 747 833 829 originem
856 748 1025 827 intererat,
1048 745 1145 809 valde
1169 766 1239 810 mu-

64 854 156 914 tatae
182 855 216 914 ct
232 852 404 935 mitigatae
421 852 554 934 quidem
571 857 656 936 sunt,
681 871 880 935 quamquam
901 853 1011 917 officia
1026 852 1108 916 deae
1124 852 1240 916 eadem

62 962 270 1048 manserrmt
311 957 351 1022 In
380 964 521 1041 utroque
545 961 635 1022 enim
659 961 805 1024 carmine
836 965 870 1024 et
901 960 1084 1024 bestiarum
1114 958 1241 1022 fautrix

63 1069 95 1127 et
119 1066 246 1148 optima
269 1067 424 1130 venatrix
448 1070 508 1148 est,
533 1066 614 1130 cili
636 1068 676 1129 51
696 1086 742 1148 sq.
761 1067 792 1126 Φ
807 1063 915 1149 4701),
938 1067 1003 1130 485
1020 1084 1068 1147 sq.
1087 1102 1127 1112 -
1144 1068 1160 1143 ζ
1176 1068 1239 1131 104

62 1164 256 1253 (τερπομένη
279 1166 431 1251 κάπροισι
452 1168 507 1235 καὶ
528 1171 648 1255 οἰκείης
668 1168 856 1256 ἐλάφοισιν),
881 1174 1001 1237 deinde
1026 1177 1060 1236 et
1081 1174 1118 1235 in
1132 1171 1238 1238 Iliade

63 1279 95 1339 et
116 1276 153 1338 in
170 1273 320 1356 Odyssea
342 1279 518 1362 repentina
542 1283 648 1344 morte
670 1281 812 1344 necandi
827 1285 974 1364 potestas
990 1278 1118 1343 Dianae
1133 1281 1236 1345 tribu-

61 1383 143 1445 itur:
174 1383 202 1443 Z
233 1385 297 1449 205
326 1377 399 1466 (τήν
425 1377 460 1445 δὲ
489 1384 544 1467 (sa.
572 1385 806 1467 Laodameam)
835 1378 1041 1468 χολωσαμένη
1068 1380 1241 1468 χρυσήνιος

61 1483 209 1566 Ἄρτεμις
224 1483 312 1570 έκτα)
335 1491 398 1552 488
422 1483 555 1569 (πατρὸς
570 1485 640 1554 δ’έν
661 1488 826 1574 μεγάροισι
841 1487 908 1573 βάλ’
924 1483 1073 1574 ’Ἄρτεμις
1088 1486 1239 1574 ἰοχέαιρα)
1326 1530 1330 1538 -

65 1593 95 1654 Φ
117 1596 187 1658 484
216 1591 285 1666 (καὶ
314 1589 413 1657 ἔδωκε
442 1596 498 1677 (so.
532 1595 671 1680 Iupiter)
706 1594 907 1678 κατακτάμεν
933 1590 977 1678 ήν
1003 1590 1029 1658 κ’
1059 1590 1239 1680 έθέλησθα).

61 1699 93 1759 Ω
117 1701 183 1765 606
209 1696 278 1783 (τὰς
305 1695 332 1762 δ’
361 1701 417 1784 (se.
441 1702 567 1768 Niobae
591 1704 690 1784 filias)
710 1697 860 1784 ’Ἄρτεμις
883 1698 1023 1784 ἰοχέαιρα
1050 1723 1094 1767 se.
1118 1695 1240 1782 πέφνεν

62 1799 112 1872 ἀπ’
143 1799 316 1889 ἀργυρέοιο
348 1807 446 1891 βίοιο)
470 1844 512 1854 -
540 1829 564 1888 ε,
591 1811 654 1872 123
679 1829 725 1892 sq.
756 1803 829 1894 (έοις
851 1788 909 1889 μιν1
930 1811 987 1890 (so.
1012 1807 1181 1889 Orionem)
1205 1803 1240 1868 έν

58 1906 214 1996 Ὀρτυγίῃ
248 1910 476 1994 χρυσόθρονος
501 1909 651 1996 ’Ἄρτεμις
686 1908 768 1997 ἁγνή
799 1915 801 1984 1
833 1907 882 1989 οἷς
917 1909 1050 1997 άγανοῑς
1084 1908 1241 1997 βελέεσσιν

61 2011 250 2100 ἐποιχομένη
273 2014 492 2104 κατέπεφνεν),
514 2022 534 2081 λ
559 2023 630 2102 173,
656 2023 730 2102 199,
753 2022 816 2084 325
832 2022 892 2085 ubi
907 2021 999 2084 idem
1024 2021 1107 2084 alter
1121 2038 1238 2083 versus

60 2129 241 2207 repetitur,
270 2148 288 2190 ο
316 2129 380 2190 411
411 2129 547 2207 iterum,
580 2130 660 2190 478;
690 2121 765 2209 (τήν
793 2122 853 2208 μὲν
883 2123 989 2190 ἔπειτα
1011 2129 1150 2206 γυναῖκα
1172 2117 1238 2203 βάλ’

58 2227 208 2313 Ἀρτεμις
231 2225 383 2313 ἰοχέαιρα)
411 2245 431 2295 σ
455 2236 516 2297 202
539 2231 628 2312 (adita
655 2253 711 2313 μοι
733 2227 778 2306 ὡς
804 2226 950 2313 μαλακὸν
977 2226 1123 2294 θάνατον
1144 2225 1240 2313 πόροι

58 2331 206 2417 ’Ἄρτεμις
238 2328 321 2419 άγνή
357 2331 360 2401 ἰ
398 2332 514 2400 αὐτίκα
545 2337 621 2421 νῦν)
658 2361 681 2401 υ
705 2338 747 2400 62
781 2355 826 2418 sq.
861 2329 1000 2418 Ἄρτεμι,
1034 2330 1138 2399 πότνα
1169 2327 1240 2414 θεά,

58 2436 203 2524 θύγατερ
225 2437 314 2520 Διὸς,
339 2441 412 2504 αἰθε
434 2465 491 2524 μοι
511 2438 597 2524 ήδη)
617 2437 668 2506 ἰὸν
691 2439 739 2505 ἐνὶ
761 2437 912 2524 στήθεσσι
934 2435 1065 2523 βαλοῦό
1082 2435 1116 2502 έκ
1130 2433 1241 2520 θυμὸν

58 2541 147 2611 έλιοο
173 2547 175 2618 l
202 2544 318 2611 αὐτίκα
340 2547 414 2628 νῦν)
445 2549 524 2612 ibid.
546 2551 589 2613 80
613 2544 661 2631 (ήέ
683 2542 713 2631 μ’
739 2544 941 2630 ἐϋπλόκαμος
964 2542 1056 2630 βάλοι
1069 2538 1240 2626 Ἄρτεμις).

59 2655 123 2720 Sed
149 2655 330 2720 discrimen
353 2656 530 2720 verborum
560 2675 644 2738 quae
672 2657 707 2718 in
731 2655 836 2719 Iliade
865 2659 899 2718 et
922 2673 1008 2735 quae
1031 2655 1067 2715 iu
1090 2650 1239 2732 Odyssea

60 2765 98 2828 de
130 2763 250 2828 eodem
280 2762 389 2828 officio
418 2768 635 2847 usurpantur,
666 2782 765 2846 supra
792 2763 860 2825 iam
886 2765 1037 2824 notatum
1068 2764 1131 2822 est:
1166 2757 1238 2820 illic

58 2891 147 2936 mors
164 2868 295 2934 Dianae
319 2872 449 2954 sagittis
473 2869 661 2942 hominibus
685 2871 836 2932 immissa
858 2886 968 2951 poena
990 2864 1151 2948 quaedam
1173 2865 1238 2926 ira-

59 2979 184 3042 scentis
209 2977 292 3041 deae
316 2978 448 3042 videtur
472 2996 555 3059 esse,
572 2978 627 3040 hic
649 2995 729 3038 voro
754 2975 849 3057 quasi
872 2973 998 3036 doloris
1020 2972 1239 3035 lenimentum

58 3087 270 3172 repentinam
294 3086 387 3149 illam
411 3091 550 3148 mortem
574 3083 720 3157 feminae
743 3080 799 3144 vel
823 3082 993 3163 appetunt.
1032 3076 1088 3141 Illi
1109 3095 1239 3158 quoque

58 3193 294 3257 formidolosae
310 3192 392 3256 deae
408 3194 532 3276 optime
549 3190 746 3254 attributum
762 3188 918 3251 convenit
933 3180 1075 3268 ἰοχέαιρα
1087 3174 1238 3268 ‘sagittas

58 3291 222 3379 fundens,
255 3299 341 3380 quod
372 3301 408 3362 in
434 3298 541 3363 Iliade
565 3298 669 3362 octies
700 3295 739 3377 (E
765 3296 931 3378 53,’447,
964 3294 987 3355 I
1007 3293 1084 3374 538,
1116 3291 1239 3372 Ζ428,

63 3408 91 3466 Y
111 3408 164 3489 39,
191 3409 243 3486 71,
269 3409 301 3468 Φ
322 3401 430 3489 4802),
456 3408 490 3468 λλ
512 3404 590 3486 478)
617 3407 653 3467 in
676 3401 825 3483 Odyssea
853 3406 983 3465 tantum
1008 3403 1125 3481 quater
1149 3401 1241 3460 extat

59 3511 88 3594 (ζ
110 3515 194 3596 102,
224 3517 243 3576 λ
268 3514 344 3596 172,
379 3515 456 3596 198,
489 3508 639 3594 ο4783).
694 3493 875 3574 Commune
907 3525 1036 3590 quoque
1066 3507 1240 3586 utriusque

60 3621 218 3684 carminis
243 3621 413 3704 epitheton
433 3616 660 3700 χρυσόθρονος
676 3625 727 3681 est
750 3618 878 3700 (1533,
903 3637 917 3679 ε
935 3610 1050 3696 123)4),
1088 3611 1241 3690 Denique

58 3729 92 3792 in
106 3728 239 3793 Dianae
262 3728 460 3811 genealogia
483 3727 547 3790 duo
565 3744 626 3810 epe
644 3726 869 3788 consentiunt:
894 3720 985 3785 Iovis
1000 3718 1105 3782 filiam
1120 3717 1239 3780 habes:

58 3836 81 3897 I
98 3836 164 3912 536
187 3827 266 3907 Διὸς
288 3829 393 3915 κούρη
416 3829 575 3916 μεγάλοιο,
600 3835 676 3913 (538
700 3832 772 3895 δῖον
793 3825 908 3912 γένος),
936 3830 968 3889 Φ
984 3825 1049 3890 500
1074 3829 1107 3887 et
1128 3823 1144 3898 ζ
1162 3825 1235 3903 151,

132 4155 154 4223 ¹)
175 4150 276 4207 πότνια
293 4156 399 4222 θηρῶν.
436 4152 470 4207 cf.
488 4170 514 4206 ν.
534 4150 580 4206 61:
599 4148 688 4204 πότνα
704 4145 767 4204 θεά.

108 4227 238 4313 12)Ηοο
263 4244 375 4311 quidem
401 4245 462 4299 loco
490 4242 549 4297 sine
575 4240 689 4295 nomine
714 4237 835 4308 proprio.
879 4236 913 4290 cf.
941 4239 955 4288 λ
980 4236 1039 4291 198.
1088 4235 1122 4290 cf.
1154 4235 1233 4290 Pind.

52 4340 139 4413 Pyth.
159 4338 187 4400 2,
205 4333 231 4387 9.
268 4333 296 4388 O.
318 4334 336 4389 l.
356 4332 388 4388 G.
407 4332 516 4400 62803,
537 4329 605 4385 1064
623 4326 765 4394 εἰοχέαιρα.

130 4425 153 4496 ⁵)
175 4424 210 4480 ef.
227 4423 315 4478 Φ483
327 4420 469 4492 τοξοφόρῳ
485 4438 534 4485 περ
548 4416 638 4486 έοόση.
670 4415 872 4472 c.1.a.1051.
905 4414 1046 4484 Aristoph.
1060 4414 1167 4468 Thesm.
1180 4413 1233 4466 970

128 4515 152 4576 4)
175 4507 323 4580 Εόθρονος
342 4511 369 4566 O.
389 4511 409 4567 I.
430 4511 461 4565 G.
483 4509 590 4565 628013.

1026 4611 1049 4664 3
1180 4651 1183 4655 .
