2872 4868
611 1598 759 1697 Pars
800 1599 981 1720 prior.

752 1808 857 1815 -—-—

296 1912 495 1996 Priusquam
519 1912 559 1975 ad
582 1911 713 1977 Dianae
742 1917 894 1977 naturam
926 1913 1157 1996 explicandam
1180 1915 1384 2002 accedimus,

207 2022 366 2085 nonnulla
395 2020 435 2084 de
466 2019 620 2104 gentibus
645 2019 781 2085 Graecis
811 2020 1055 2104 praemittenda
1084 2021 1249 2087 videntur.
1296 2023 1383 2087 Cum

209 2131 298 2192 enim
322 2129 363 2192 de
386 2128 538 2212 Pelasgis
563 2132 596 2192 et
620 2129 697 2192 aliis
712 2129 832 2211 priscis
849 2127 1004 2211 gentibus
1021 2128 1191 2193 doctorum
1208 2130 1384 2196 hominum

208 2237 393 2299 sententiae
420 2235 517 2300 valde
548 2236 636 2299 inter
667 2254 702 2299 se
732 2235 931 2318 discrepent,
960 2237 1150 2299 summatim
1180 2236 1221 2301 de
1245 2237 1382 2302 illorum

208 2343 335 2425 origine
360 2347 393 2405 et
417 2344 519 2425 sthpe
544 2342 709 2426 agendum
731 2342 827 2406 nobis
852 2344 923 2405 erit.

296 2448 367 2511 Iam
383 2450 412 2512 si
426 2447 643 2533 Pelasgorum
658 2450 794 2512 nomine
806 2450 940 2530 utimur,
962 2468 1029 2512 non
1052 2450 1211 2514 cumillis
1228 2449 1382 2537 facimus,

208 2557 265 2636 qui
293 2553 433 2619 Semitas
464 2574 519 2619 eos
547 2555 652 2619 fuisse
683 2560 828 2638 censent,
864 2574 1063 2637 quamquam
1090 2574 1157 2619 non
1188 2557 1382 2639 ignoramus

208 2681 264 2727 eos
288 2661 328 2726 ab
352 2661 519 2726 Herodoto
543 2656 824 2743 βαρβαροφώνους
847 2663 1008 2746 appellari
1025 2666 1058 2726 et
1072 2664 1249 2727 nonnullas
1265 2664 1382 2730 Pelas-

206 2789 322 2854 gorum
339 2788 422 2851 quae
439 2769 594 2833 dicuntur
607 2767 788 2851 religiones
804 2770 896 2832 velut
911 2768 1190 2834 Samothracicam
1205 2769 1382 2838 Semiticas

206 2896 306 2941 voces
338 2874 508 2940 exhibere.
559 2872 645 2937 Nam
677 2893 751 2937 cum
778 2874 906 2958 Iupiter
932 2875 1130 2940 Dodonaeus
1160 2877 1201 2940 ab
1232 2877 1382 2945 Homero

207 2983 259 3065 (Π
286 2981 361 3064 233)
394 2982 589 3065 Pelasgicus
623 2981 818 3065 appelletur,
858 2984 894 3046 in
930 2985 1048 3046 intima
1083 2982 1244 3048 Graeciae
1282 2990 1379 3069 parte

208 3090 322 3153 sedem
355 3087 571 3172 Pelasgorum
604 3092 702 3153 sitam
736 3089 841 3153 fuisse
877 3094 967 3154 certe
1002 3091 1168 3173 novimus,
1209 3081 1308 3172 quam
1345 3095 1382 3157 in

170 3192 171 3197 ’
202 3197 377 3280 regionem
412 3193 553 3258 Semitas
588 3198 720 3260 venisse
757 3197 817 3259 vix
852 3197 1012 3261 credibile
1051 3201 1110 3261 est.
1169 3195 1220 3261 De
1260 3198 1381 3264 eadem

207 3308 319 3368 autem
358 3304 506 3386 gentium
544 3302 672 3366 familia
710 3307 809 3383 atque
846 3302 982 3387 Pelasgi
1018 3302 1169 3387 Phryges
1214 3306 1380 3388 originem

207 3412 383 3493 duxerunt,
409 3429 509 3492 quaro
534 3429 648 3474 eorum
673 3413 705 3473 et
728 3411 863 3493 linguae
888 3415 921 3474 et
943 3412 1115 3494 religionis
1140 3411 1380 3479 cumGraecis

207 3517 389 3582 similitudo
405 3516 549 3581 notanda
565 3522 624 3582 est.
664 3513 734 3579 Nec
750 3515 923 3597 Tyrrheni,
947 3519 1004 3598 qui
1019 3536 1080 3600 per
1095 3536 1186 3581 mare
1203 3517 1380 3602 Aegaeum

205 3626 419 3710 vagabantur,
444 3629 500 3688 aut
521 3623 673 3707 Leleges,
698 3641 783 3705 quae
808 3642 882 3686 cum
899 3622 1038 3687 Caribus
1062 3624 1168 3687 mixta
1191 3643 1273 3708 gens
1298 3631 1379 3709 erat,

207 3734 444 3817 consanguinei
477 3751 544 3795 non
579 3734 681 3794 erant.
742 3728 782 3792 In
818 3729 958 3793 Graecia
995 3731 1068 3813 ipsa
1102 3732 1200 3795 huius
1235 3751 1377 3815 magnae

205 3842 349 3904 nationis
382 3842 492 3923 partes
523 3836 726 3902 residebant:
757 3837 893 3900 Gadmei
923 3836 1054 3918 Thebis,
1086 3835 1222 3919 Minyae
1255 3836 1380 3903 Orcho-

205 3949 296 4012 mem’
329 3948 365 4009 in
393 3945 541 4028 Boeotia,
572 3945 796 4008 Erechthidae
827 3944 979 4027 Athenis,
1014 3945 1162 4008 Arcades
1196 3948 1231 4008 in
1265 3946 1378 4010 media

204 4053 442 4136 Peloponneso.
498 4052 584 4115 Item
621 4053 657 4114 in
693 4049 960 4135 Peloponnesum
998 4070 1017 4114 e
1054 4050 1202 4135 Phrygia
1240 4053 1377 4117 advenit

204 4160 325 4244 Pelops
341 4179 408 4224 non
422 4161 521 4243 plane
538 4159 737 4241 alienigena,
754 4178 829 4222 cum
845 4162 961 4242 gentes
975 4156 1162 4242 Phrygicae
1179 4163 1212 4222 et
1226 4158 1376 4224 Graecae

206 4271 364 4350 cognatae
400 4270 518 4330 essent.
564 4265 618 4328 Ad
652 4269 829 4348 utrumque
864 4267 966 4347 igitur
993 4265 1122 4364 Aegaei
1156 4268 1257 4330 maris
1293 4267 1373 4330 litus

205 4380 320 4460 gentes
344 4374 540 4438 habitabant
564 4391 607 4435 ex
631 4373 747 4438 eadem
762 4375 895 4437 natione
913 4377 1004 4437 ortae
1021 4377 1054 4438 et
1070 4373 1193 4456 lingua,
1216 4373 1373 4456 moribus,
