2872 4868
639 258 681 323 69

74 472 126 553 qui
151 469 306 535 Genios
328 471 475 536 virorum
497 467 713 553 Iunones¹)
740 471 939 536 femmarum
965 471 1102 534 numina
1130 470 1241 554 appel-

72 577 194 642 labant.
242 574 413 653 Quodcum
440 578 504 642 duo
532 579 569 642 hi
595 577 863 661 Indogcrmanici
886 577 1016 661 populi,
1044 578 1132 640 inter
1159 595 1241 658 quos

72 683 193 750 Graeci
217 683 424 765 habitabant,
448 686 533 749 tales
555 685 743 769 peculiares
768 684 846 748 deos
869 688 1115 765 venerarentur,
1139 684 1241 747 etiam

70 789 218 855 Graecos
245 791 306 854 tali
335 792 505 874 religione
528 809 606 856 usos
636 809 709 856 esse
734 793 1008 875 apparatusque
1036 789 1240 872 mirabimur,

70 897 158 980 quod
175 896 387 980 Ilithyiarum
403 903 437 962 et
450 898 632 964 Dianarum
651 899 707 963 vel
721 899 884 983 pluralem
898 915 1074 962 numerum
1088 897 1240 980 legimus,

69 1003 248 1069 dummodo
275 1025 318 1069 ne
346 1009 500 1089 putamus
522 1005 609 1072 -duas
632 1007 689 1071 vel
710 1011 780 1071 tres
801 1007 923 1091 plurali
946 1005 1023 1070 deas
1046 1004 1238 1088 significari,

69 1131 147 1176 cum
172 1113 273 1196 plane
294 1113 487 1180 indefinitus
510 1133 668 1179 numerus
692 1116 863 1197 cogitetur.

158 1253 232 1319 Dea
262 1259 416 1339 partuum
446 1275 581 1340 praeses
614 1259 716 1321 etiam
745 1250 1011 1335 Genetyllisb
1044 1255 1239 1337 nominatur,

68 1364 170 1426 euius
193 1363 275 1426 item
296 1363 435 1447 pluralis
457 1381 614 1428 numerus
637 1382 737 1447 saepe
761 1358 893 1446 extati).
928 1359 1019 1438 Quae
1044 1380 1241 1443 quamquam

68 1471 167 1533 iuxta
191 1469 359 1534 Venerem
383 1471 491 1534 cultae
516 1473 601 1544 eunt,
624 1473 736 1534 tamen
758 1468 885 1533 Dianae
907 1470 963 1533 vel
977 1469 1126 1534 Hecatae
1151 1469 1241 1532 simi-

68 1577 173 1641 liores
198 1595 253 1640 eas
278 1577 381 1640 fnisse
404 1576 575 1641 Prcllerus
597 1582 689 1640 recte
712 1581 824 1641 monet
842 1571 865 1661 ).

159 1713 222 1782 His
253 1720 457 1801 argumentis
486 1719 642 1802 probasse
672 1719 755 1784 mihi
781 1718 897 1800 videor
919 1706 1089 1798 Ilithyiam
1111 1715 1240 1780 Dianae

67 1827 220 1910 speciem
244 1843 317 1890 esse
340 1827 377 1888 in
395 1825 575 1909 peculiaris
590 1827 736 1890 numinis
751 1839 927 1910 personam
941 1823 1118 1907 redactam,
1141 1842 1241 1905 quam

67 1932 288 2014 mythologos
322 1931 442 2014 quibus
466 1931 582 1998 Cicero
611 1931 653 2013 (d.
677 1935 744 1996 nat.
767 1931 796 1994 d.
820 1929 882 2016 III,
904 1931 956 2014 23,
982 1931 1036 2011 58)
1067 1949 1147 1994 usus
1180 1933 1241 2013 est,

69 2040 180 2102 secuti
210 2040 377 2122 primam
406 2037 547 2103 Dianam
577 2040 747 2102 nominare
777 2056 951 2120 possumus
980 2034 1082 2119 (Iovis
1107 2040 1141 2102 et
1161 2035 1241 2100 Pro-

69 2146 227 2228 serpinae
251 2142 378 2228 filiam),
394 2135 495 2226 ‘quae
511 2147 693 2227 pennatum
710 2143 907 2226 Cupidinem
921 2145 1078 2227 genuisse
1101 2133 1240 2208 dicitur'.

70 2250 199 2335 (lupide
245 2252 335 2314 enim
372 2253 409 2315 in
446 2249 562 2314 Olenis
605 2250 807 2314 carminibus
844 2247 1003 2330 Ilithyiae
1040 2248 1130 2313 filius
1167 2268 1241 2332 per·
1330 2281 1331 2284 ¹

68 2351 289 2433 hibebatur⁵).

159 2498 271 2563 Huius
294 2499 430 2582 Dianae,
454 2518 539 2582 quae
558 2500 669 2584 partui
689 2502 850 2583 praeerat,
875 2515 1057 2582 cognomen
1079 2496 1244 2582 Iphige-

69 2607 179 2670 niam
212 2605 317 2672 irrisae
348 2609 489 2689 constat,
526 2607 612 2688 quod
646 2608 756 2690 ipsum
789 2623 910 2670 nornen
944 2597 1135 2686 Ἰφι-γένεια
1169 2623 1243 2670 eam

69 2711 248 2797 significat,
272 2715 415 2794 quaeri
438 2715 474 2778 in
496 2713 654 2797 pariendo
679 2715 821 2797 insignis
838 2717 897 2778 eat
926 2712 1092 2778 Homerus
1109 2710 1244 2794 quidem

70 2819 157 2884 hane
180 2819 441 2903 Agamemnonis
468 2819 582 2903 filiam,
615 2839 700 2901 quae
733 2820 833 2902 vulgo
862 2818 1108 2902 perhibebatur,
1131 2816 1244 2900 Iphia-

68 2945 203 2990 nassam
232 2927 450 3011 nuncupati.
481 2945 509 2990 e.
532 2917 581 2990 ‘vi
603 2916 815 3010 regnantem',
845 2945 908 3008 quo
935 2925 1069 2990 nornine
1102 2923 1243 2992 eandem

72 3032 240 3114 quondam
262 3033 359 3097 deam
381 3033 602 3118 significatam
625 3051 699 3098 esse
723 3036 868 3117 apparet.
897 3032 1019 3097 Postea
1041 3032 1242 3096 insererem

71 3136 267 3223 Iphigeniae
299 3144 425 3204 mutata
458 3144 517 3224 est,
550 3139 637 3222 quod
668 3141 773 3224 primo
806 3141 843 3203 in
876 3139 1007 3222 Cypriis
1040 3138 1241 3204 carminibus

72 3244 195 3310 facbrm
221 3265 294 3311 esse
322 3242 500 3328 traditurI).
545 3246 596 3311 Dc
619 3245 796 3330 Iphigenia
817 3265 897 3310 vero
925 3241 1059 3311 fabulae
1087 3245 1242 3329 primitus

145 3543 166 3615 1)
186 3543 220 3602 ci.
248 3545 320 3602 Plin.
346 3545 412 3603 Nat.
439 3545 510 3603 Hist.
537 3545 577 3614 11,
605 3549 631 3602 7.
665 3543 795 3604 Getarum
823 3545 892 3603 lunc
919 3545 1108 3604 Romanorum
1135 3545 1242 3602 Dianae

71 3633 241 3692 Graecorum
256 3635 465 3705 antiquissimae
489 3637 557 3692 deae
575 3637 633 3693 fere
651 3653 703 3708 par
722 3639 772 3703 est,
797 3653 859 3694 cum
879 3639 907 3692 et
920 3635 1042 3691 bucinae
1059 3634 1110 3690 sub
1127 3635 1242 3690 nomine

70 3726 168 3794 partus
186 3727 263 3780 curet
286 3726 315 3780 et
331 3726 444 3781 hastata
461 3724 592 3782 bellicam
610 3725 746 3796 praebeat
763 3728 906 3790 naturam,
929 3723 1042 3792 qualem
1058 3721 1165 3778 Dianae
1183 3737 1241 3778 ease

69 3811 144 3870 infra
161 3813 330 3870 docebimus.
397 3837 401 3844 ·
518 3825 519 3828 ’

144 3899 167 3970 ²)
185 3901 327 3974 Aristoph
344 3903 419 3959 Nub.
437 3922 463 3960 r.
481 3904 524 3960 52.
561 3903 624 3974 Lyn.
642 3922 668 3960 a.
686 3904 711 3960 2.

145 3987 496 4063 8)1111110191.1111911111.
516 3992 576 4048 130.
612 3993 687 4050 said.
703 4010 725 4051 aa
742 4011 769 4050 v.
823 4014 825 4020 ¹
1158 4007 1159 4010 ’

144 4077 343 4150 4)111γ11ι.(1ιτ.
364 4081 387 4148 1,
409 4099 436 4152 p.
456 4081 517 4148 999,
539 4083 598 4138 not.
621 4083 651 4138 3:
676 4075 748 4140 ‘eina
765 4082 923 4154 Ausgebnrt
946 4082 995 4138 das
1017 4080 1151 4138 mmu-
1174 4081 1242 4136 oder

69 4166 320 4226 Hekatadiemtaa?
904 4205 905 4210 κ

145 4255 348 4326 δ1Ρ.111,27,
371 4257 400 4313 2:
426 4259 607 4330 Thespiarum
629 4261 744 4328 nummi,
767 4261 817 4316 ubi
840 4259 947 4331 cupido
971 4258 1072 4316 smmis
1091 4257 1241 4323 celabatur,

68 4346 178 4414 lunula,
190 4345 297 4403 Dianae
308 4347 435 4418 symbolo
446 4349 657 4406 Incutiebantur.
682 4351 717 4406 ci.
725 4349 856 4406 Arabici.
866 4349 961 4419 Zaitg,
975 4345 1052 4415 1848,
1064 4347 1121 4403 tab.
1131 4345 1148 4400 9
1160 4365 1189 4403 n.
1199 4345 1242 4400 13.

145 4433 167 4505 ⁸)
188 4437 223 4491 cl.
240 4435 382 4506 Kbchly‚
401 4437 488 4506 praef.
505 4437 536 4494 in
554 4439 647 4510 Eurip.
666 4439 727 4510 Ipb.
746 4439 827 4494 Taur.
845 4455 873 4510 p.
891 4435 935 4494 28.
