2872 4868
690 256 902 350 „c-

212 481 286 527 cum
311 469 401 528 certa
425 465 587 546 quaedam
611 467 707 549 signa
729 468 919 531 sexcenties
942 466 1086 550 repetita
1110 469 1185 530 sint.
1218 465 1368 548 8611111-
1417 427 1432 576 ζ

210 569 360 634 bolorum
385 572 609 657 explicatione
633 591 716 656 opus
740 577 799 638 est.

298 695 449 762 Primum
472 699 607 780 quidem
630 699 765 762 lunulae
795 699 834 762 ad
863 698 986 781 figuras
1016 698 1370 782 1161111111111111111
1423 729 1432 790 3

209 803 296 867 unde
320 805 405 868 mihi
428 805 556 868 factum
578 805 711 870 videtur
735 825 824 887 esse,
853 809 891 870 ut
917 807 1078 889 paulatim
1102 805 1211 869 Diana
1236 810 1270 870 et
1291 805 1372 870 Luna
1426 857 1432 897 ,ἶ

211 911 498 976 confunderentur.
550 911 600 977 De
628 914 764 977 notione
794 914 892 976 huius
925 914 1012 996 signi
1044 912 1191 976 dubitari
1224 915 1291 977 iam
1319 933 1372 977 non
1429 979 1432 1004 Ζ

208 1021 327 1100 potest,
353 1037 429 1082 cum
452 1020 559 1082 noctis
588 1019 776 1101 symbolum
799 1018 833 1083 id
858 1037 931 1084 esse
956 1021 1175 1084 docuerimus,

298 1141 428 1206 Deinde
457 1143 585 1208 faculas
614 1143 742 1208 Dianae
771 1147 868 1228 signa
894 1145 1048 1208 manibus
1078 1148 1195 1209 tenere
1226 1143 1374 1224 solebant

210 1268 291 1330 quas
326 1247 441 1313 Noctis
477 1250 558 1315 deae
594 1253 743 1335 proprias
783 1251 887 1316 fuisse
928 1270 1034 1334 aeque
1072 1251 1289 1315 manifestum
1327 1257 1375 1315 est.

210 1352 382 1431 Quodcum
411 1362 530 1440 poetae
559 1359 614 1422 vel
644 1359 755 1442 potius
785 1377 898 1423 omnes
929 1357 1052 1422 Graeci
1086 1359 1171 1421 tales
1205 1358 1285 1422 deos
1314 1377 1376 1422 esse

211 1464 410 1547 cogitarent,
447 1466 562 1546 quales
591 1465 631 1528 ab
663 1464 847 1529 artificibus
876 1465 1097 1548 fingerentur,
1135 1469 1256 1548 poetae
1287 1465 1376 1528 facile

210 1570 345 1634 deorum
360 1571 400 1634 ad
412 1573 546 1634 nomina
559 1573 707 1654 epitheta
719 1572 924 1654 addiderunt,
942 1591 1027 1654 quae
1043 1573 1177 1654 proprie
1194 1571 1236 1634 ad
1252 1569 1378 1635 deorum

208 1679 372 1762 imagines
417 1679 596 1762 pertinent.
658 1677 713 1742 Sic
751 1678 859 1743 Diana
892 1671 1082 1760 ἄμφίπυρος
1122 1675 1377 1757 nominabatin¹l

209 1783 374 1869 (Sophocl.
399 1784 512 1849 Trach.
536 1787 615 1868 214)
631 1789 651 1850 i.
669 1807 696 1850 e.
720 1786 847 1850 duabus
871 1786 992 1850 faculis
1016 1787 1188 1865 instructa,
1213 1804 1279 1868 qua
1294 1785 1334 1848 de
1347 1804 1377 1847 re

210 1893 355 1957 conferri
383 1895 502 1960 liceret
533 1895 683 1959 eiusdem
707 1893 877 1978 Sophoclis
902 1892 981 1958 Oed.
1004 1893 1086 1976 Reg.
1108 1893 1174 1957 205
1199 1911 1247 1974 sq.
1277 1887 1332 1964 τάς
1351 1910 1378 1952 τε
1423 1962 1424 1965 ¹

209 1995 404 2080 πυρφόρους
424 1993 606 2082 Ἀρτέμιδος
629 1998 749 2081 dispice,
773 1993 833 2076 ξδν
855 1990 906 2073 αἶς
927 1993 1020 2062 Λύκι’
1047 1992 1124 2078 ὄρεα
1147 1994 1278 2063 διάσσει.

297 2119 405 2186 Nimis
430 2128 541 2188 autem
565 2125 744 2207 allegorice
767 2118 949 2204 nonnulli2)
973 2122 1104 2186 faculas
1125 2122 1212 2186 lucis
1227 2124 1286 2187 vel
1300 2125 1380 2186 vitae

210 2230 305 2311 signa
329 2249 402 2294 esso
427 2235 577 2313 censent,
610 2250 685 2294 cum
714 2250 754 2294 ea
782 2249 881 2313 quam
908 2230 1051 2292 fecimus
1078 2229 1260 2311 explicatio
1284 2230 1381 2292 multo

210 2336 394 2418 simplicior
422 2337 564 2418 ideoque
593 2336 797 2420 probabilior
824 2336 986 2400 videatur.
1038 2335 1158 2398 Altera
1185 2335 1310 2400 deinde
1339 2340 1383 2398 est

208 2441 246 2504 D.
273 2441 393 2524 Curtii,
424 2443 610 2507 facularum
639 2441 822 2524 symbolica
852 2443 1046 2525 explicatio,
1078 2461 1177 2524 quam
1204 2445 1242 2506 in
1266 2443 1382 2506 scholis
1431 2519 1432 2544 χ

210 2549 472 2631 archaeologicis
491 2550 673 2632 proposuit.
701 2548 835 2612 Etenim
861 2551 896 2612 in
917 2550 1113 2612 universum
1129 2548 1384 2634 faculissignifi·

211 2658 279 2719 cari
308 2658 477 2739 mysteria,
501 2658 537 2719 in
570 2656 690 2738 quihus
724 2657 764 2719 ad
788 2675 881 2720 sacra
912 2655 1081 2719 adhibitae
1112 2657 1192 2737 sint,
1218 2658 1385 2720 existimat

211 2765 327 2828 eadem
350 2766 488 2847 ratione,
523 2783 588 2846 qua
623 2769 753 2846 sceptro
786 2783 926 2846 regnum
960 2763 1016 2827 vol
1045 2767 1161 2846 patera
1191 2763 1384 2827 libationem

210 2874 280 2936 sive
316 2890 413 2935 omne
449 2871 657 2936 sacrificium.
716 2870 780 2935 Sed
818 2872 854 2934 in
883 2869 1026 2934 Dianam
1060 2869 1095 2933 id
1125 2870 1237 2933 minus
1269 2870 1384 2934 cadere

209 2979 354 3061 videtur,
393 2997 470 3042 cum
500 2980 686 3062 epithetum
722 2974 902 3058 φωσφόρος
931 2976 1060 3040 Dianae
1094 2995 1162 3039 non
1193 2980 1322 3040 motum
1356 2981 1386 3040 et

210 3088 375 3150 actionem
399 3086 457 3150 sed
479 3088 719 3170 proprietatem
740 3084 866 3148 indicet
888 3102 997 3166 neque
1021 3083 1182 3163 mysteria
1207 3083 1243 3145 in
1258 3082 1385 3147 Dianae

211 3194 303 3256 cultu
327 3193 517 3274 frequentia
539 3195 614 3256 sint.

299 3316 382 3380 Tum
405 3318 487 3382 deae
503 3317 617 3382 Noctis
643 3317 831 3398 symbolum
854 3318 937 3379 mihi
951 3315 1113 3379 videntur
1136 3316 1241 3397 alae,
1266 3315 1387 3396 quibus

210 3426 461 3506 antiquissimae
477 3425 604 3508 figurae
620 3426 803 3487 instructae
820 3428 905 3486 sunt.
936 3422 975 3486 In
993 3422 1129 3506 Cypseli
1146 3423 1229 3485 cista
1245 3420 1388 3486 Dianam

210 3532 357 3597 humeris
381 3533 503 3596 alatam
528 3531 689 3595 artificem
712 3531 851 3594 finxisse
871 3528 1056 3594 Pausanias
1079 3525 1220 3611 tradit³)‚
1246 3547 1387 3611 quarum

209 3641 390 3724 figurarum
413 3639 567 3721 exempla
589 3656 695 3720 nuper
721 3637 864 3720 plurima
891 3639 1027 3700 inventa
1051 3639 1135 3699 sunt.
1182 3634 1386 3718 Plerumque

86 3783 88 3787 ,
209 3746 338 3812 bestiae
362 3746 489 3809 Dianae
519 3747 686 3826 utrimque
713 3744 844 3807 additae
869 3748 959 3826 11111,
994 3745 1089 3807 cuius
1113 3743 1248 3826 generis
1272 3761 1387 3807 monu-

198 3987 200 3992 ’
284 3994 304 4062 ¹)
324 3996 430 4050 Eadem
453 3994 561 4049 ratione
586 4010 603 4047 1
625 3993 723 4047 statuis
746 3993 873 4048 derivata
896 3991 1064 4062 cognomina
1088 3992 1163 4044 sunt:
1192 3983 1385 4056 Ἀπαγχομένη,

206 4081 321 4152 'cecla
341 4079 511 4150 Λυγοδέσμα,
530 4082 646 4137 fortasse
665 4082 750 4137 etiam
769 4080 913 4133 Δίκτυννα.

283 4171 304 4241 ²)
323 4174 400 4227 velut
419 4171 450 4226 Ο.
469 4171 606 4235 Miiller,
625 4170 901 4240 Konstarchhologie
921 4171 937 4238 θ
956 4169 1017 4224 363.

282 4260 353 4331 ⁸)P.
372 4261 406 4323 V.
427 4263 467 4328 19,
493 4262 521 4316 5:
542 4253 665 4326 ’Ἄρτεμις
690 4253 720 4310 δὲ
738 4254 790 4311 οὐκ
813 4255 877 4312 οἶδα
895 4252 947 4325 ἐφ’,
973 4250 1026 4328 ὅτῳ
1045 4252 1114 4325 λόγῳ
1133 4249 1267 4321 πτέρυγας
1286 4248 1385 4319 ἔχουσά

209 4346 280 4404 ἐστιν
303 4346 348 4404 ἐπὶ
369 4352 424 4404 τῶν
442 4345 532 4417 ὤμων,
556 4347 603 4401 καὶ
624 4349 657 4418 τῇ
680 4343 729 4413 μὲν
746 4348 822 4420 δεξιᾷ
843 4344 947 4414 κατέχει
965 4344 1112 4414 πάρδαλιν,
1135 4342 1169 4410 τῇ
1187 4337 1217 4393 δὲ
1236 4336 1313 4413 ἑτέρᾳ
1330 4339 1386 4391 τῶν

202 4439 305 4506 χειρῶν
320 4435 422 4493 λέοντα.
