2872 4868
547 257 760 356 25„—

154 465 187 530 N
189 486 231 530 on
255 467 362 530 solum
385 467 536 550 singulae
560 469 694 533 arbores
718 467 777 532 sed
802 469 903 534 etiam
919 468 1023 530 silvae
1039 468 1094 531 vel
1110 471 1237 531 montes

62 573 195 638 Dianae
225 575 320 655 quasi
350 573 518 638 domicilia
548 575 751 655 dicebantur,
784 593 864 656 quos
889 591 1081 640 enumerare
1104 574 1239 656 longum

64 687 125 747 est.
172 680 291 762 Itaque
323 675 473 760 ὀρεστέρα
502 682 538 744 in
569 683 762 756 universum
791 680 1081 764 cognominabatur
1091 677 1129 763 ¹),
1160 699 1239 761 qua·

64 809 142 854 oum
166 787 316 856 Romana
332 779 567 852 ‘Nemorensis'
592 789 747 852 concinit.
793 787 834 852 In
863 806 977 852 eorum
1006 787 1140 868 quidem
1161 787 1239 851 reli·

63 898 166 980 gione
183 893 311 958 Dianae
335 893 418 982 haee
441 895 602 958 naturalis
618 896 679 976 vis,
703 914 789 977 quae
805 895 846 959 ad
862 895 1070 958 fertilitatem
1087 911 1237 976 agrorum

64 1007 99 1067 et
124 1003 286 1066 silvarum
308 999 489 1064 utilitatem
503 1003 658 1083 pertinet,
683 1020 813 1085 semper
828 1000 1088 1084 praedicabatur.
1136 1000 1237 1064 (luins

59 1110 113 1172 rei
148 1108 299 1172 Catullus
332 1107 369 1170 in
394 1106 519 1187 hymno
545 1106 673 1173 Dianae
705 1109 928 1192 pulcherrimo
958 1110 1053 1172 testis
1086 1112 1144 1189 est,
1179 1107 1238 1170 ubi

55 1216 151 1279 ,haee
175 1215 333 1297 leguntur
356 1211 419 1294 (34,
443 1232 474 1278 n.
499 1215 518 1276 9
543 1214 638 1296 sqq.):
801 1289 803 1294 ι

387 1317 549 1384 Montium
573 1320 706 1386 domina
728 1326 765 1384 ut
787 1321 875 1386 fores

389 1425 620 1509 Silvarumque
643 1429 824 1492 virentium

389 1531 606 1616 Saltuumqne
628 1536 874 1599 reconditorum
916 1617 922 1628 κ

431 1640 657 1722 Amniumqus
682 1643 870 1705 sonantium
894 1689 901 1704 .
925 1691 931 1704 .
955 1688 963 1704 .

55 1752 94 1812 et
118 1747 224 1830 paulo
247 1745 335 1808 infra
359 1746 398 1828 (v.
424 1750 464 1810 17
490 1746 585 1828 sqq.):

389 1852 438 1916 Tu
462 1873 569 1936 eursu,
593 1854 664 1936 dea,
688 1859 856 1920 menstruo

387 1958 530 2025 Metione
553 1963 619 2024 iter
642 1981 784 2026 annuom

388 2065 526 2132 Rustica
550 2068 713 2149 agricolae
738 2068 833 2131 bonis

434 2171 535 2236 Tecta
557 2172 708 2255 frugibus
733 2173 858 2256 exples.

120 2353 123 2356 ,
152 2276 273 2359 Neque
311 2279 421 2342 minus
459 2279 545 2342 hano
583 2280 769 2342 naturalem
802 2277 928 2342 Dianae
966 2278 1036 2340 vim
1068 2276 1240 2360 praedicat

54 2385 229 2450 Horatius
255 2382 359 2447 Carni.
381 2380 410 2466 Ι,
433 2383 574 2467 213111,
598 2385 654 2448 22:

281 2489 443 2555 Montium
467 2497 576 2556 eustos
599 2508 845 2574 nemorumque,
869 2491 972 2576 Virgo
996 2539 1003 2553 .
1028 2538 1034 2554 .
1059 2540 1065 2555 .

154 2618 185 2661 v.
211 2599 245 2659 5:
274 2595 456 2662 Imminens
478 2599 580 2663 villae
603 2603 661 2662 tua
682 2600 781 2682 pinus
806 2601 885 2680 esto,

163 2753 166 2786 3
282 2701 388 2778 Quam
409 2723 470 2788 per
494 2709 630 2769 exactos
654 2725 714 2788 ego
738 2706 846 2769 laetus
870 2724 973 2770 annos
1062 2727 1064 2733 ·

281 2811 396 2874 Verris
419 2811 589 2893 obliquum
613 2811 804 2875 meditantis
827 2813 932 2876 iotum

328 2915 496 3000 Sanguine
520 2917 649 2982 donem.

62 3023 192 3088 deinde
215 3021 272 3105 IV,
290 3025 320 3105 6,
338 3024 384 3092 39,
399 3013 604 3107 ‘prosperam
620 3015 760 3106 frugum'
778 3022 937 3105 appellat:
963 3021 1002 3084 of.
1028 3020 1133 3085 Oarm.
1150 3019 1241 3086 Saea.

61 3153 94 3195 v.
120 3131 262 3196 29-32.
983 3132 985 3135 ’

146 3235 366 3319 'Quamquam
392 3238 545 3320 plurimis
572 3227 679 3300 'Asiae
716 3239 750 3300 et
779 3235 940 3308 Graeciae
970 3237 1053 3302 loeis
1081 3237 1242 3302 naturalis

66 3347 132 3410 dea
156 3343 335 3426 colebatur,
360 3343 558 3425 quibusdam
578 3343 615 3408 in
629 3341 768 3407 urbibus
784 3347 877 3406 tanta
892 3343 1064 3409 fruebatur
1081 3345 1240 3429 claritate,

66 3456 108 3516 ut
124 3452 329 3534 singulorum
345 3451 575 3538 oppidulorum
592 3451 701 3515 cultus
716 3451 815 3534 plane
832 3451 1095 3517 obscurarentur.
1127 3451 1242 3536 Longe

64 3576 148 3622 vero
182 3557 419 3622 celeberrimus
451 3559 597 3621 omnium
627 3560 697 3621 erat
725 3556 852 3621 Dianae
881 3561 990 3624 cultus
1018 3557 1241 3643 Ephesiae,

65 3666 111 3729 de
147 3666 240 3728 ouius
272 3666 415 3748 origine,
452 3683 527 3728 oum
561 3665 707 3728 nondum
741 3666 821 3727 satis
856 3666 1023 3748 explicata
1049 3661 1264 3748 videatur),

64 3771 229 3836 nonnulla
252 3772 421 3835 addantur.

142 3865 330 3962 'Ephesum
363 3881 627 3960 antiquissimam
660 3881 778 3946 urbem
809 3900 918 3963 neque
942 3880 982 3944 ab
1016 3879 1164 3961 Ionibus,
1199 3899 1241 3944 ne

69 3987 182 4050 dicam
207 3986 247 4050 ab
271 3986 413 4069 Epheso,
442 3986 544 4051 heroe
573 4007 744 4071 eponymo,
777 3988 942 4052 conditam
966 4005 1039 4052 esse
1063 3987 1144 4050 satis
1168 4005 1244 4050 eon-

143 4161 164 4230 ¹)
186 4162 249 4217 Eur.
268 4162 367 4218 Troad.
385 4181 410 4218 v.
428 4161 488 4218 551.
509 4162 638 4218 Eiusdem
656 4164 779 4219 notionis
796 4169 872 4218 sunt:
892 4155 975 4232 ὀρεία,
994 4159 1095 4232 οὐρεία,
1114 4156 1244 4231 desquels,

66 4247 212 4322 ὀρειβάτας,
231 4246 426 4320 οὗρεσίφοιτος,
446 4244 550 4318 sparus,
570 4269 642 4319 quae
660 4252 728 4306 item
742 4252 849 4308 Dianae
867 4252 1049 4322 imponuntur
1068 4251 1243 4322 cognomina.

143 4339 164 4409 ²)
186 4340 220 4395 of.
240 4338 393 4406 Oreuaer,
412 4339 534 4409 symbol
554 4339 589 4406 ll,
607 4359 635 4409 p.
656 4341 714 4395 185.
752 4339 853 4407 Gubl,
872 4340 1039 4411 Ephesiaoe,
1058 4341 1148 4396 Berol.
1168 4337 1246 4394 1843.

67 4432 98 4487 Ε.
118 4429 272 4492 Curtius,
291 4427 422 4496 Ephesus·
