2872 4868
631 261 673 322 53

57 472 198 554 quidem
223 473 286 536 hcc
309 473 381 536 loco
397 471 546 536 Dianam
574 475 609 536 in
640 473 845 556 singularum
871 490 1086 555 personarum
1113 471 1234 536 formas

60 580 205 642 divisam
230 581 390 661 notamus,
415 579 449 642 id
473 579 559 661 quod
582 579 861 661 subsequentibus
878 579 1042 662 capitibus
1058 579 1236 661 aliquoties

57 686 282 768 repetendum
305 687 379 766 erit,
402 685 496 748 velut
514 687 551 748 in
566 684 723 768 Ilithyiis,
748 704 832 766 quae
849 687 942 768 ipsae
958 686 1082 769 plurali
1096 705 1233 750 numero

64 785 248 873 Ἀρτέμιδες
279 789 531 878 nominantur¹).
585 791 753 856 Naturalis
789 791 865 875 dea,
901 811 986 874 quae
1020 794 1053 856 in
1087 796 1234 856 montem

59 898 248 978 quemlibet
275 899 437 962 dominari
463 898 653 982 putabatur,
684 891 821 982 Ὀρειάς,
854 918 938 981 quae
966 901 1002 963 in
1031 899 1155 964 fontem
1178 899 1235 962 vel

59 1005 171 1067 rivum
194 1006 251 1068 vel
266 1005 384 1088 lacum,
408 1001 525 1086 Ναϊάς,
550 1025 633 1087 quae
651 1008 686 1068 in
702 1006 862 1089 arborem,
884 991 997 1084 Δρυάς
1014 1011 1083 1070 erat
1098 1025 1234 1070 nemen-

58 1129 125 1192 que
149 1114 319 1195 proprium
343 1133 362 1176 a
384 1114 450 1177 loci
472 1115 606 1178 nomine
630 1113 734 1176 duxit.
780 1112 897 1196 Itaque
922 1115 1048 1197 euenit,
1071 1119 1110 1178 ut
1133 1116 1233 1178 etiam

57 1220 95 1281 in
118 1217 262 1283 Dianam
291 1222 488 1303 cognomina
515 1240 534 1282 a
562 1221 768 1303 regionibus
797 1221 894 1302 locis,
924 1220 1072 1285 fontibus
1100 1223 1157 1285 vel
1185 1241 1234 1284 ar-

59 1325 198 1390 boribus
214 1329 319 1409 petita
334 1326 602 1409 transferrentur,
627 1328 714 1410 quod
729 1348 795 1392 non
810 1331 846 1393 in
861 1327 1090 1411 Peloponneso
1105 1333 1234 1392 tantum

57 1433 122 1496 hac
156 1434 285 1498 ratione
319 1435 443 1498 facturn
480 1453 552 1498 esse
589 1453 665 1500 cum
694 1434 731 1500 0.
759 1432 951 1517 Muellerc²)
989 1437 1146 1506 existimo
1172 1436 1231 1500 sed

57 1540 187 1622 ubique
219 1539 389 1606 Graeciae.
442 1541 538 1605 Suam
572 1561 608 1607 se
637 1545 778 1625 quisque
805 1563 910 1627 pagus
939 1545 1035 1608 deam
1063 1543 1233 1627 possidere

57 1646 230 1730 cogitabat
258 1653 291 1712 et
319 1651 514 1732 cognomine
544 1651 674 1714 adiecto
708 1651 748 1714 ab
778 1652 852 1715 aliis
882 1643 1105 1733 discernebat,
1140 1669 1234 1713 suam

37 1755 205 1834 -quisque
231 1756 322 1818 cultu
345 1760 380 1820 et
403 1757 576 1821 sacrificiis
600 1759 790 1822 honorabat.
835 1756 950 1841 Neque
973 1763 1086 1822 tamen
1108 1757 1233 1839 ubique

55 1879 174 1926 omnes
198 1860 327 1926 Dianae
349 1865 489 1928 virtutes
521 1883 627 1947 aeque
650 1866 811 1930 memoria
834 1866 1046 1947 tenebantur,
1077 1865 1136 1928 sed
1157 1865 1233 1948 plus

59 1970 217 2033 minusve
241 1969 422 2034 secundum
444 1973 617 2054 regionum
640 1977 787 2035 naturas:
813 1974 842 2036 si
866 1991 951 2054 quae
969 1977 1126 2036 montana
1140 1973 1233 2054 regio

57 2081 148 2158 erat,
180 2078 310 2166 montis
332 2077 428 2141 deam
448 2077 592 2149 Dianam
616 2077 825 2158 dictitabant,
854 2081 883 2142 si
907 2080 1055 2160 humida,
1085 2078 1233 2141 fluminis

50 2183 115 2246 ¹vel
144 2182 252 2265 lacus,
288 2185 317 2247 si
346 2186 525 2267 maritima,
548 2190 662 2268 portus
689 2186 745 2248 vel
774 2186 1003 2268 promontorii,
1032 2186 1062 2248 si
1089 2185 1232 2265 denique

58 2290 163 2371 plana
192 2291 346 2372 planitiei
372 2293 428 2355 vel
454 2293 541 2374 pagi.
588 2289 642 2354 Sic
672 2311 691 2354 a
719 2292 885 2355 montibus
915 2292 1011 2354 duxit
1039 2293 1234 2374 cognomina

56 2393 168 2458 Diana
186 2393 419 2479 Cnacalesia³),
443 2393 604 2480 Issoria4),
630 2393 867 2480 Coryphaea⁵);
892 2417 911 2460 a
931 2398 1043 2461 fluviis
1060 2399 1233 2482 Alphedsa

55 2503 114 2565 vel
137 2499 356 2586 Alpheaeass),
384 2499 593 2587 Imbrasia7),
623 2524 642 2566 a
663 2504 802 2568 lacubus
826 2499 1034 2588 Limnatis⁸),
1060 2525 1144 2589 quae
1167 2525 1234 2569 non

56 2629 79 2670 a
104 2607 235 2673 Limnis
260 2607 395 2693 Spartae
423 2610 516 2675 urbis
543 2611 634 2675 tribu
661 2611 854 2676 deducenda
883 2607 978 2695 esd),
1015 2611 1151 2677 Saronia
1178 2613 1233 2676 rel

55 2711 256 2802 Saronisffl),
281 2735 300 2778 a
321 2716 482 2799 portubus
505 2716 743 2800 Munychia²²),
773 2715 929 2801 Aulis¹²)‚
960 2739 978 2781 a
1001 2721 1232 2803 promontoriis

134 3013 155 3082 1)
174 3017 205 3071 in
223 3017 280 3073 tab.
300 3015 502 3074 Chaeroneensi
520 3017 589 3072 (1.1.
609 3017 640 3072 G.
659 3037 687 3074 n.
707 3019 785 3074 1598.

132 3103 153 3172 2)
171 3106 213 3160 De
232 3107 297 3162 Dor.
316 3107 337 3176 Ι,
356 3125 384 3178 p.
403 3109 468 3162 377ε
494 3107 576 3162 Denn
594 3124 676 3162 wann
694 3107 797 3176 Apollo
821 3105 879 3161 und
902 3107 947 3161 die
965 3107 1018 3162 mit
1035 3108 1094 3162 ihm
1112 3109 1233 3164 verbun-

54 3198 131 3251 dene
151 3194 305 3252 Schwester
328 3198 417 3252 aelten
441 3197 574 3252 stehanda
600 3197 751 3251 Bainamen
774 3197 913 3262 erhaltem
943 3197 988 3251 die
1012 3215 1077 3253 vom
1095 3197 1161 3254 Orte
1185 3200 1234 3255 dar

55 3286 227 3355 Verehrung
245 3286 436 3351 herkcmmen,
454 3303 484 3340 so
503 3286 595 3355 geben
613 3286 741 3355 dagegen
754 3286 844 3340 dieser
856 3281 1032 3354 Gdttin'(der
1050 3288 1234 3362 arladischen

54 3376 160 3440 Diana)
178 3374 233 3430 fast
244 3375 300 3429 alle
313 3375 410 3445 Berge,
429 3374 537 3440 Hdhen,
557 3373 682 3440 Quellen,
696 3373 806 3430 Wbsaer
818 3375 970 3430 Arcadiens
985 3377 1042 3431 und
1055 3377 1103 3431 dea
1115 3377 1233 3448 fibrigen

55 3464 266 3534 Peloponnesos
283 3464 415 3534 specielle
434 3465 651 3534 Benennungen,
670 3465 716 3519 dia
733 3465 788 3520 fast
806 3465 938 3534 unalihlig
956 3466 1026 3522 sind.

134 3551 157 3621 8)
175 3553 205 3608 P.
224 3553 300 3622 Vlll,
321 3553 363 3618 23,
383 3555 408 3608 3.
874 3545 876 3550 ’

132 3639 157 3709 ⁴)
176 3642 207 3696 P.
225 3641 274 3710 ΙΙΙ,
295 3643 336 3708 14,
355 3641 385 3708 2;
405 3641 439 3694 25
458 3642 483 3695 4.
520 3642 641 3711 Hesych·
658 3661 678 3698 s.
698 3661 724 3697 v.
818 3683 821 3690 .
878 3679 879 3684 =

134 3729 157 3800 ⁶)
175 3731 207 3786 P.
224 3731 260 3794 ΙΙ,
282 3729 325 3796 22,
345 3732 370 3786 2.
406 3731 500 3800 Steph.
519 3732 583 3800 Byr.
604 3750 624 3788 s.
643 3751 668 3788 v.
687 3735 859 3801 Κορυφαῖον.

133 3819 157 3890 ⁶)
174 3821 206 3876 P.
224 3821 271 3887 VI,
290 3821 334 3884 22,
354 3820 395 3876 10.

135 3909 157 3978 ⁷)
177 3909 285 3984 Gallim.
304 3911 339 3965 H.
358 3909 406 3976 ΙΙΙ,
425 3929 452 3967 r.
471 3909 530 3964 228.

106 4027 108 4030 -
134 3998 158 4068 8)
177 3999 257 4055 Paus.
279 4000 327 4068 IV,
352 4002 381 4066 4,
408 3999 433 4053 2.
480 3998 513 4052 cf.
540 3997 569 4053 0.
592 3999 622 4054 F.
647 3999 832 4064 Hermann,
859 3998 954 4066 Antiq.
981 3995 1091 4059 Gall,
1119 4015 1146 4066 p.
1172 3996 1233 4062 351,

53 4098 117 4153 not.
137 4094 163 4157 6,
182 4089 207 4146 2.
226 4091 269 4145 ed.

133 4180 157 4251 1)
176 4181 210 4236 cf.
229 4179 396 4244 Frankal,
416 4179 543 4234 Archtol.
562 4179 658 4248 Zeitg,
677 4181 743 4234 tom.
763 4179 805 4244 34,
826 4175 902 4243 1877,
922 4195 949 4246 p.
969 4175 1011 4229 30.

119 4269 156 4338 ¹⁰)
176 4271 207 4326 P.
225 4270 261 4334 ΙΙ,
280 4269 323 4333 30,
342 4271 366 4322 7.
392 4267 433 4333 32,
454 4271 495 4322 10.
532 4267 652 4337 Hesych.
671 4287 691 4322 a.
710 4286 735 4323 v.

120 4358 157 4427 11)
177 4354 380 4426 Λιμενοσκόπος
399 4358 559 4430 appellatur
578 4357 647 4414 Call.
665 4359 700 4412 H.
719 4357 768 4425 ΙΙΙ,
787 4375 812 4411 v.
826 4355 886 4411 259.

1 4508 5 4515 ,
119 4447 156 4515 ¹²)
176 4446 205 4502 C.
224 4447 246 4502 I.
266 4445 311 4499 Gr.
330 4445 408 4504 5941.
