2872 4868
553 29 766 126 „291-

60 231 284 323 Daphnaeam
307 239 374 302 iam
403 243 787 324 commemoraverimus,
819 243 900 306 satis
927 261 1087 326 apparere
1112 243 1246 307 videtur

62 347 196 411 oraculi
231 345 419 430 praesidem
456 350 564 431 primo
597 347 702 412 scrisse
736 349 923 413 naturalem
957 353 1103 414 nostram
1138 349 1244 433 deam,

62 468 168 532 quam
191 457 309 537 postea
331 455 431 538 vulgo
444 447 598 535 Ἄρτεμιν
621 455 841 540 appellabant,
866 455 1110 539 quodquidam
1124 475 1246 520 nomen

62 562 303 642 antiquissima
325 566 434 626 aetate
459 560 599 646 Delphis
621 579 688 627 non
710 565 870 628 usitatum
894 559 1003 644 erat1).

157 667 233 732 Hoc
259 670 363 751 igitur
384 667 555 733 Themidis
582 672 716 734 nomine
744 671 906 734 naturalis
936 671 1000 735 dea
1030 669 1245 754 significatur,

59 789 154 855 quae
178 775 293 858 legum
321 779 355 839 et
381 777 601 840 humanarum
631 782 665 841 et
692 777 880 841 divinarum
911 779 1123 859 omniumque
1151 781 1246 840 natu·

56 883 191 946 ralium
218 901 331 946 rerum
353 887 464 947 custos
493 883 677 948 habebatur
703 903 813 966 neque
837 905 857 948 a
879 882 1004 948 Natura
1026 886 1115 967 ipsa,
1147 901 1246 965 quarn

55 983 183 1052 divino
207 989 341 1072 ingenio
365 990 552 1072 praeditam
575 1009 648 1055 esse
670 990 840 1075 putabant,
862 991 1010 1056 discerni
1030 995 1148 1078 potest,
1172 992 1193 1054 i.
1218 1008 1245 1054 e.

55 1111 79 1157 a
103 1095 240 1159 Dianae
263 1099 409 1161 numine.

155 1195 337 1267 Praeterea
361 1208 473 1268 autem
496 1204 558 1268 dea
580 1206 676 1286 quasi
699 1209 792 1269 vates
814 1209 958 1289 apparet,
983 1223 1058 1270 cum
1074 1205 1245 1269 oraculum

51 1309 268 1393 possederit,
297 1314 331 1373 ct
358 1313 491 1394 poetica
518 1312 631 1376 indole
660 1314 829 1376 instructa
849 1313 894 1376 sit
921 1330 1059 1376 neccsse
1084 1317 1144 1375 est.
1191 1309 1246 1376 Sic

51 1417 124 1483 illa
156 1418 288 1480 musica
319 1417 401 1481 deae
433 1419 494 1481 vis
516 1419 715 1501 explicanda
747 1422 806 1508 est,
840 1437 925 1501 quae
962 1420 997 1481 in
1021 1417 1130 1482 Diana
1161 1435 1248 1482 oom-

51 1529 172 1608 paret.
204 1523 385 1588 Praeterea
406 1526 531 1588 intacta
547 1525 714 1608 silvarum,
738 1530 916 1609 pratorum,
941 1526 1104 1588 montium
1118 1527 1246 1604 naama,

55 1649 154 1714 quae
185 1632 282 1711 quasi
317 1630 400 1695 deae
437 1631 620 1696 dominium
649 1632 717 1696 dici
747 1637 871 1715 potest,
910 1635 944 1694 et
960 1679 961 1684 η
980 1623 1180 1694 amoenitate
1213 1634 1247 1693 et

52 1740 244 1802 maiestate
279 1736 320 1800 ad
352 1738 493 1819 hymnos
522 1740 763 1822 componendos
796 1739 957 1802 facillime
984 1739 1179 1817 incitamur,
1209 1742 1247 1800 ut

53 1845 242 1928 religionis
268 1850 361 1908 vates
385 1845 511 1909 fiamus.
541 1844 629 1910 Item
654 1845 741 1929 apud
767 1845 911 1910 Graecos
937 1845 1104 1928 agricolae
1128 1844 1246 1908 diebus

56 1953 164 2018 fastis
198 1950 351 2031 Dianam,
382 1954 405 2018 i.
436 1971 464 2016 e.
495 1957 649 2016 naturam
679 1952 962 2036 personificatam,
998 1969 1061 2015 nec
1093 1970 1160 2014 non
1178 1969 1249 2034 ¹pa-

59 2065 175 2124 stores
205 2058 407 2122 carminibus
433 2077 565 2142 semper
593 2059 820 2141 celebrabant,
847 2059 935 2123 unde
958 2059 1069 2141 poesis
1096 2056 1245 2122 Graecae

59 2185 133 2230 non
159 2166 284 2248 exigua
306 2184 383 2249 pars
415 2167 579 2248 originem
601 2166 710 2244 duxit,
732 2166 893 2257 bucolica
915 2161 1069 2249 poesisi),
1101 2183 1186 2246 quae
1210 2168 1247 2228 in

63 2273 185 2336 Sicilia
217 2271 346 2337 Dianae
383 2274 420 2337 in
454 2273 673 2337 sollemnibus
706 2274 812 2356 primo
848 2272 1075 2338 adhibebatur.
1135 2272 1247 2338 Etiam

63 2379 329 2443 Lacedaemonii
356 2378 485 2442 Dianae
513 2381 549 2442 in
577 2380 736 2444 honorem
764 2381 945 2444 certamina
971 2382 1100 2446 musica
1129 2379 1248 2444 diebus

65 2486 164 2549 festis
190 2485 408 2549 celebrabant
424 2483 606 2566 Καλαβίδια
629 2487 685 2550 vel
701 2485 911 2550 KataFcidta
924 2483 1102 2568 nomine3),
1126 2486 1248 2567 quibua

66 2595 198 2659 musica
227 2593 355 2658 Dianae
386 2599 504 2658 natura
538 2594 681 2657 indicari
717 2594 858 2656 videtur.
912 2593 1038 2656 Eadem
1071 2592 1112 2656 de
1145 2609 1245 2656 causa

68 2699 191 2765 Graeci
230 2699 373 2764 Dianam
415 2701 606 2790 cogitabant
643 2699 864 2782 nympharum
902 2700 1018 2763 choros
1056 2699 1247 2778 ducentem,

69 2809 205 2888 qualem
231 2809 301 2871 iam
327 2807 495 2872 Homerus
524 2807 552 2888 (ζ
574 2808 638 2870 102
662 2801 747 2891 sqq.)
776 2806 943 2876 describit.
993 2803 1090 2868 Hanc
1117 2803 1244 2869 Dianae

67 2919 224 2977 naturam
245 2915 427 2997 praecipue
456 2913 623 2996 significat
652 2931 833 2996 cognomen
855 2911 1070 2992 Hymniae,
1102 2911 1189 2992 quod
1213 2916 1247 2975 et

68 3021 335 3084 vetustissimum
371 3025 405 3084 et
435 3019 703 3102 vulgatissimum
731 3022 800 3082 tota
827 3018 971 3082 Arcadia
1001 3013 1110 3097 erat4).
1163 3017 1248 3082 (ium

69 3145 149 3190 vero
181 3124 324 3208 Dianae,
358 3143 442 3207 quae
476 3127 659 3207 antiquitus
691 3124 733 3188 ab
765 3125 954 3191 Arcadibus
985 3124 1170 3207 colebatur,
1203 3125 1247 3190 ad

68 3218 262 3317 Apollinem
286 3234 379 3296 nulla
402 3235 446 3296 sit
468 3233 596 3314 relatio,
619 3249 813 3315 perversum
835 3233 933 3316 plane
951 3236 1062 3297 estex
1076 3233 1245 3315 Apollinis

69 3339 292 3403 similitudine
322 3339 407 3403 hanc
429 3338 557 3406 Dianae
584 3340 730 3403 indolem
759 3338 943 3423 explicare,
975 3338 1011 3401 id
1034 3338 1121 3419 quod
1144 3340 1244 3421 vulgo

69 3445 195 3509 lactum
228 3449 287 3508 est.
339 3443 456 3526 Neque
484 3444 524 3507 ad
555 3445 740 3527 nuptialem
777 3445 873 3508 deam
906 3463 1088 3527 cognomen
1116 3444 1243 3508 referre

146 3675 166 3744 1)
185 3675 277 3730 Etiam
296 3675 430 3732 Dodonae
448 3675 632 3730 vaticinantes
650 3675 771 3729 feminae
789 3679 878 3739 erant,
898 3674 987 3742 qualia
1005 3673 1121 3743 Delphis
1135 3671 1246 3743 Pythia,

68 3767 144 3821 unde
168 3765 209 3818 ibi
229 3781 339 3832 quoque
357 3763 501 3819 oraculum
520 3765 589 3818 deae
607 3765 718 3818 nostrae
736 3763 818 3818 fuisse
837 3763 969 3833 colligere
988 3781 1138 3833 possumus.
1174 3762 1246 3818 Plat.

68 3854 189 3910 Phaedr.
208 3871 237 3922 p.
255 3853 344 3906 2443.

146 3941 167 4010 ²)
186 3941 282 3996 Bucol.
301 3939 346 3995 Gr.
367 3942 410 3995 ed.
430 3940 577 4004 Ahrens,
594 3941 681 4010 praef.

145 4030 167 4096 ³)
188 4029 308 4097 Hesych.
328 4047 350 4090 1.,
366 4046 393 4084 r.

144 4118 167 4187 ⁴)
187 4118 217 4173 P.
237 4116 316 4182 VIII,
345 4120 374 4183 5,
403 4117 434 4171 11
465 4112 588 4186 σέβουσιν
613 4111 642 4168 ἐκ
666 4113 851 4169 παλαιοτάτου
878 4114 924 4168 καὶ
949 4113 977 4167 οὶ
1001 4113 1100 4176 πάντες
1118 4111 1246 4183 ”Αρκαδες

64 4205 187 4278 Ὑμνίαν
203 4197 337 4269 Ἄρτεμιν.
375 4205 445 4259 Ibid.
465 4205 507 4272 13,
527 4206 551 4259 1.
