2872 4868
643 273 661 332 7

59 487 138 546 sunt
166 502 354 565 nomenque
381 486 490 569 ipsum
521 503 564 547 ex
586 485 689 548 Arica
710 480 1022 566 Indogermanarum
1046 482 1234 565 linguarum

57 594 156 674 parte
183 611 260 656 mea
286 593 452 656 sententia
481 592 660 656 descendit.
716 591 894 656 Praeterea
926 609 1005 654 vero
1036 592 1072 653 in
1106 591 1233 658 Dianae

60 699 172 762 cultus
196 699 335 764 historia
364 700 548 764 clarissime
576 701 669 763 cerni
696 700 775 764 licet
801 701 895 764 illam
924 699 1045 762 mentis
1069 699 1233 778 humanae

61 805 244 870 aradibus
270 810 303 870 et
326 810 485 870 enatura
507 807 581 890 ipsa
609 807 750 889 quodam
779 807 875 871 modo
903 807 1012 870 insitis
1041 806 1231 870 notionibus

59 911 102 975 ad
130 913 320 995 praeclaras
350 913 426 976 illas
462 913 769 996 pulcherrimasque
797 918 969 997 poetarum
1004 912 1233 993 artificumque
1296 983 1297 986 Ἴ

60 1019 282 1102 cogitationes
309 1022 583 1104 progressionem,
619 1040 702 1101 quae
732 1039 776 1084 ex
803 1021 867 1084 diis
902 1039 993 1084 mere
1027 1019 1232 1083 natumlibus

58 1128 202 1190 numina
232 1129 365 1210 egregie
396 1128 507 1192 ethica
536 1127 764 1211 conformavit,
800 1147 865 1209 qua
891 1129 927 1191 in
954 1147 991 1190 re
1026 1128 1107 1190 satis
1142 1129 1232 1190 certe

59 1235 232 1316 propriam
248 1234 395 1298 Graecae
419 1235 528 1316 gentis
546 1235 698 1299 ‘indolem
719 1253 885 1318 agnoscas.
932 1233 997 1298 Sed
1011 1238 1083 1298 tum
1099 1233 1231 1296 demum

60 1341 150 1404 hunc
173 1360 388 1424 progressum
410 1341 597 1425 intelleges
621 1359 695 1405 cum
720 1341 846 1406 Dianae
868 1346 1019 1406 naturam
1044 1340 1234 1423 antiquissi-

60 1467 152 1512 mam
175 1449 398 1531 perspexeris,

562 1569 686 1674 caput
712 1571 740 1653 I.

451 1711 496 1782 Da
519 1711 640 1783 Dianae
662 1710 851 1782 nominibus.

153 1839 238 1904 Cum
261 1841 297 1902 in
320 1840 382 1904 hae
398 1840 628 1905 dissertatione
645 1841 761 1923 lingua
776 1844 908 1902 utamur
922 1837 1053 1919 Latina,
1077 1836 1233 1900 Latinum

60 1965 194 2028 quoque
219 1947 300 2010 deae
323 1967 443 2012 nomen
466 1953 645 2013 tractemus
669 1967 707 2012 ac
730 1951 836 2036 ppimo
861 1947 994 2028 quidem
1014 1947 1099 2009 loco:
1123 1964 1232 2026 neque

61 2056 153 2117 enim
188 2055 251 2119 hoe
286 2072 568 2138 supervacaneum
602 2056 747 2137 videtur,
787 2074 862 2118 eum
896 2055 958 2116 hac
993 2052 1232 2135 disceptatione
1283 2077 1285 2081 ⁴

60 2163 165 2226 etiam
200 2161 241 2224 de
277 2161 424 2226 Graecae
459 2161 586 2226 Dianae
624 2166 743 2224 natura
778 2163 900 2244 optime
936 2158 1121 2222 doceamur.
1182 2158 1232 2224 De

65 2268 270 2351 etymologia
292 2270 390 2333 huius
413 2269 568 2332 vocabuli
592 2267 742 2332 dubitare
758 2269 825 2331 iam
839 2286 905 2330 non
921 2262 1049 2346 licet1):
1074 2265 1235 2329 feminina

64 2378 116 2439 est
139 2374 232 2438 Iani
255 2377 399 2440 nominis
422 2376 570 2440 formai.
596 2396 622 2440 e.
647 2371 773 2458 *Djani
798 2375 852 2439 eui
874 2373 1051 2457 respondet
1068 2372 1232 2436 Graecum

63 2479 135 2544 Ζάν
158 2482 215 2545 rel
241 2476 318 2564 Ζήν.
362 2483 472 2547 Radix
494 2503 583 2565 vero,
606 2483 694 2546 unde
714 2482 956 2547 descenderunt
970 2481 1112 2562 nomina,
1136 2479 1233 2544 Indo-

60 2591 253 2671 germanica
289 2594 339 2654 est
373 2590 437 2654 dir
468 2591 524 2653 rel
558 2590 638 2672 dju,
677 2592 712 2653 in
747 2609 811 2671 qua
843 2591 931 2652 inest
964 2587 1099 2651 lucendi
1131 2588 1232 2651 notio.

59 2695 197 2760 Nemini
225 2697 407 2761 masculino
438 2693 602 2760 *Div-an·
630 2697 741 2761 addita
769 2696 1043 2761 determinatione
1073 2693 1234 2757 feminina

59 2822 95 2866 -a
118 2803 201 2867 deae
227 2805 492 2886 antiquissimum
513 2823 635 2869 nomen
658 2800 806 2868 *Divona
820 2807 935 2866 natum
952 2805 1012 2884 est,
1037 2801 1123 2883 quod
1143 2801 1232 2864 idem

62 2910 232 2993 significat
271 2930 309 2975 ac
342 2911 580 2976 Germanorum
621 2909 759 2975 Berhta:
798 2911 852 2974 die
886 2909 1075 2972 Erlauchte.
1132 2906 1231 2990 Apud

59 3015 163 3081 Italos
186 3019 330 3082 nominis
354 3019 508 3082 litterar
532 3018 675 3099 evanuit,
698 3017 828 3098 reliqua
848 3017 939 3079 vocis
957 3014 1122 3077 elementa
1137 3032 1233 3076 aecu-

59 3128 132 3186 rate
163 3129 296 3188 serrata
323 3129 408 3206 sunt,
441 3125 624 3187 masculina
659 3127 770 3186 autem
798 3118 916 3185 *Diani
950 3121 1056 3184 forma
1088 3121 1230 3203 primam

60 3249 192 3314 quoque
216 3232 361 3295 litteram
385 3232 504 3296 emisit.

151 3336 217 3402 Sed
239 3358 282 3402 ne
305 3338 442 3403 Italicae
458 3343 588 3403 tantum
603 3339 737 3422 linguae
753 3356 875 3401 nemen
892 3342 925 3400 et
940 3336 1035 3400 deam
1052 3330 1233 3397 *Diranam

58 3446 227 3528 propriam
266 3445 369 3509 fuisse
404 3448 588 3529 putareris:
628 3448 729 3509 etiam
763 3447 799 3508 in
834 3444 960 3507 Graeca
994 3443 1109 3524 lingua
1143 3442 1232 3505 idem

58 3553 247 3635 reperimus
271 3552 353 3616 deae
376 3572 504 3636 nomen,
535 3571 632 3635 quam
661 3571 733 3616 rem
762 3552 825 3614 etsi
853 3551 965 3632 magui
988 3549 1147 3612 momenti
1171 3552 1231 3626 est,

58 3659 245 3742 mythologi
269 3659 341 3723 fere
364 3678 477 3723 omnes
502 3659 609 3722 adhuc
632 3660 860 3742 neglexerunt.
906 3657 952 3719 At
974 3655 1144 3738 philologi,
1173 3656 1230 3735 qui

62 3767 323 3848 comparativam
364 3770 508 3829 tractant
550 3767 812 3849 grammaticam,
861 3763 1060 3828 Graecorum
1098 3755 1234 3841 Διώνην

60 3871 247 3937 secundum
278 3874 465 3936 litterarum
500 3875 749 3956 congruentiam
780 3872 878 3954 plane
912 3869 1050 3933 eandem
1086 3885 1159 3930 esse
1193 3882 1231 3928 ac

58 3980 284 4044 Romanorum
300 3979 441 4042 Dianam
464 3980 531 4044 iam
547 3983 733 4043 statuerunt
745 3975 777 4058 2).
823 3977 959 4042 Iunonis
976 3979 1086 4039 autem
1101 3992 1231 4052 nomen,

135 4169 157 4239 1)
177 4172 212 4226 ct.
230 4173 374 4241 Benley,
393 4172 491 4228 Orient
507 4174 566 4228 und
584 4173 727 4239 Occident‚
745 4173 767 4238 Ι,
786 4190 813 4242 p.
832 4170 892 4227 280.

135 4261 156 4329 ²)
177 4262 212 4316 ef.
238 4261 472 4328 Foersteman,
499 4262 629 4318 Zeitsehr.
654 4261 674 4316 f.
697 4262 784 4331 vergl.
808 4260 1076 4330 Sprachiorschung,
1102 4259 1170 4312 tom.
1191 4257 1232 4320 17,

58 4372 87 4423 p.
106 4349 169 4416 362,
194 4349 334 4418 Benfey,
361 4350 458 4406 Orient
480 4369 508 4408 u.
527 4351 599 4418 Oce,
623 4351 645 4417 Ι,
667 4369 694 4420 p.
714 4349 779 4404 280:
807 4343 913 4420 ‘Vollig
933 4344 1233 4406 formationsidentisch

56 4443 111 4498 mit
130 4440 223 4494 Diana
240 4438 276 4493 ist
294 4435 397 4506 Διώνη,
416 4440 462 4495 die
480 4441 601 4496 Toehter
618 4441 666 4495 des
686 4440 792 4494 Uranus
809 4441 867 4494 und
886 4441 935 4495 der
953 4433 1029 4494 aaa.’
1072 4507 1074 4511 Α
