2872 4868
631 28 672 89 79

71 242 160 302 sunt:
203 238 311 302 basim
345 257 426 303 vero
466 258 556 303 aram
594 239 676 304 deae
715 257 789 303 esse
827 255 955 303 censeo.
1014 234 1130 318 Neque
1173 238 1242 300 iam

73 345 267 426 columnam,
297 364 380 426 quae
404 350 518 410 contra
541 348 620 410 artis
643 346 793 430 regulam
821 362 920 427 supra
946 343 1044 406 latior
1072 343 1116 406 sit
1140 359 1240 423 quam

73 449 161 534 infra,
198 453 434 534 vituperamus
467 471 542 516 cum
575 453 739 516 humanae
770 451 896 536 figurae
929 452 1060 534 erectae
1092 449 1240 532 speciem

74 557 223 622 eruribus
248 560 438 642 compositis
461 560 618 623 imitetur.
650 558 806 623 (laterum
829 558 930 620 etiam
947 554 1098 620 Corinthi
1112 552 1239 618 Dianae

70 666 284 729 simulacrum
308 665 378 730 sola
398 665 551 730 columna
566 683 762 749 expressum
777 665 881 728 fuisse
896 662 1079 728 Pausanias
1096 660 1197 726 tradit
1204 656 1238 744 1),

68 791 128 855 qua
150 791 190 836 re
222 777 369 837 nostram
401 774 509 856 operis
535 772 843 856 interpretationem
864 769 962 833 valde
994 766 1239 852 comprobatam
1302 759 1304 763 ’

65 878 229 946 videmus.
259 877 407 944 Difficile
430 882 559 944 tautum
582 882 634 942 111
656 881 796 962 quatuor
819 877 1157 960 circumscriptione,
1181 874 1239 957 qui

62 988 97 1048 in
109 986 293 1060 ,columnae
310 987 418 1069 capite
435 987 556 1070 sculpti
571 989 657 1050 sunt.
686 986 795 1068 Vulgo
806 983 991 1065 Lyciorum
1012 983 1239 1067 sepulcrorum

63 1096 263 1168 ornamenta
285 1096 525 1177 comparantur,
550 1092 704 1174 equidem
725 1109 805 1155 vero
828 1092 937 1175 potius
965 1090 1088 1174 figuras
1110 1089 1240 1154 Beroli-

61 1201 179 1264 nensis
202 1201 312 1264 musei
335 1201 372 1263 in
395 1198 510 1263 Sicilia
536 1202 689 1264 inventas
717 1198 894 1279 conferam,
923 1216 1007 1279 quae
1036 1199 1070 1261 in
1101 1202 1237 1281 pectore

59 1309 147 1372 tales
168 1297 308 1389 quatuor
324 1307 420 1372 orbes
435 1303 634 1391 praebent2),
658 1309 716 1390 qui
731 1324 948 1369 mammarum
962 1307 999 1369 in
1014 1305 1087 1369 loco
1104 1305 1238 1369 formati

61 1413 223 1478 videntur
246 1432 330 1478 1111.
377 1413 524 1479 Eaedem
547 1414 673 1498 figurae
695 1415 831 1498 figlinas
855 1414 957 1476 etiam
978 1413 1015 1474 in
1037 1411 1112 1494 polo
1137 1412 1239 1494 capiti

59 1522 220 1604 imposito
243 1521 330 1584 tales
361 1521 503 1585 circulos
533 1520 693 1584 exhibent
720 1519 887 1603 quadratis
919 1518 1053 1599 quidem
1082 1518 1236 1600 inclusos,

60 1645 167 1710 quare
187 1629 438 1710 antiquissimae
456 1629 535 1691 artis
550 1627 672 1692 formas
684 1628 931 1710 vulgatissimae
946 1626 1023 1690 illos
1036 1625 1236 1690 existimem.

152 1733 307 1816 Denique
344 1739 455 1798 autem
489 1733 713 1816 quaerendum
748 1737 807 1815 111,
840 1738 952 1797 utrum
985 1735 1117 1796 nostrae
1153 1732 1236 1796 deae

60 1843 193 1906 cultum
227 1839 380 1923 Mycenis
415 1841 580 1924 quondam
616 1840 768 1905 floruisse
806 1841 989 1904 verisimile
1029 1841 1073 1904 111
1110 1857 1236 1903 neone:

59 1966 210 2030 namque
250 1948 336 2032 apud
373 1943 586 2031 Homerum³)
623 1945 784 2027 Mycenae
823 1966 936 2009 aarum
972 1945 1111 2009 urbium
1150 1949 1235 2027 sunt,

61 2073 147 2136 quae
186 2053 355 2118 aIunone
386 2056 531 2118 maxime
561 2057 719 2117 amantur.
764 2052 967 2118 Monendum
1000 2071 1080 2116 vero
1116 2055 1167 2116 est
1200 2056 1237 2114 ut

58 2165 257 2244 reputemus
292 2163 470 2245 praecipue
504 2160 738 2244 Pelopidarum
777 2178 887 2225 arcam
923 2159 1081 2241 Mycenas
1121 2159 1234 2243 fuisse,

61 2287 148 2349 quae
180 2285 263 2350 gens
292 2287 309 2330 1
331 2267 477 2350 Phrygia
504 2269 540 2329 in
563 2266 738 2331 Graeciam
767 2268 1006 2348 antiquissimis
1029 2267 1235 2350 temporibus

59 2375 251 2437 transierat.
296 2372 338 2437 In
365 2373 511 2457 Phrygia
539 2379 650 2439 autem
679 2373 807 2439 Dianae
844 2376 1090 2457 antiquissimos
1126 2375 1234 2438 cultus

60 2479 169 2544 fuisse
202 2479 379 2561 aliquoties
409 2482 475 2543 iam
505 2483 702 2558 notavimus,
730 2483 824 2546 velut
852 2481 894 2544 ad
916 2483 1027 2545 lacum
1051 2481 1233 2564 Gygaeum,

60 2586 121 2650 ubi
155 2587 193 2650 in
225 2587 343 2670 templi
369 2588 522 2668 reliquiis
552 2589 652 2651 etiam
682 2587 816 2651 leonum
844 2589 953 2671 capita
980 2589 1118 2651 inventa
1150 2591 1234 2650 sunt.

60 2692 196 2757 Deinde
210 2695 417 2777 'scriptorum
442 2696 638 2758 auctoritato
661 2695 733 2777 ipsa
755 2693 931 2777 Pelopidas
958 2695 1123 2777 imprimis
1146 2694 1234 2777 Aga-

61 2817 276 2863 memnonem
290 2799 417 2864 Dianae
442 2800 585 2865 cultores
608 2801 712 2865 fuisse
730 2801 969 2884 comprobatur.
1016 2800 1233 2865 Notissimum

61 2911 113 2970 111
138 2924 216 2968 eum
240 2925 334 2970 suam
356 2908 462 2991 ipsius
484 2906 589 2971 filiam
611 2907 738 2972 Dianae
766 2908 990 2972 immolavisse
1013 2907 1147 2989 Aulida,
1175 2907 1235 2971 ubi

60 3011 271 3076 tabernaculi
306 3014 378 3077 eius
405 3014 568 3095 reliquiae
597 3016 779 3100 intemplo
804 3012 1123 3096 conservabantur4).
1168 3013 1233 3079 De·

60 3118 141 3183 inde
165 3117 309 3202 Megaris
332 3118 459 3184 Dianae
487 3122 649 3204 templum
679 3122 835 3205 condidit,
866 3141 941 3186 cum
965 3122 1138 3186 Calchanti
1160 3141 1234 3205 per-

61 3225 233 3308 suasisset,
256 3227 352 3289 utin
375 3225 505 3291 Troiam
528 3247 564 3291 se
586 3227 852 3310 proficiscentem
875 3223 1107 3311 sequeretur5).
1154 3227 1233 3291 Alia

61 3333 162 3395 huius
186 3333 236 3395 rei
261 3339 454 3416 argumenta
472 3336 577 3417 mitto,
601 3354 644 3398 ne
659 3336 790 3420 longius
808 3355 826 3398 a
841 3337 1007 3420 proposito
1025 3329 1232 3413 (1111111116).

136 3577 156 3647 ¹)
174 3578 206 3633 P.
223 3579 260 3642 II,
280 3581 305 3645 9,
325 3579 353 3634 6:
382 3577 463 3632 Marci
485 3578 515 3634 δὲ
533 3577 564 3633 τὸ
583 3575 697 3647 Ἀράτου
715 3575 806 3652 ἡρῷον
824 3575 879 3634 ἔστι
896 3575 945 3646 μὲν
964 3622 970 3634 .
990 3620 997 3636 .
1017 3621 1023 3634 .
1042 3573 1096 3632 ἔστι
1115 3577 1145 3634 δὲ
1167 3577 1233 3641 Zeis

56 3667 200 3734 Μειλίχιος
218 3665 265 3720 καὶ
279 3660 401 3735 ’Ἄρτεμις
413 3663 596 3736 ὀνομαζομένη
610 3667 739 3742 Πατρῴα,
758 3667 809 3722 σὺν
824 3665 901 3738 τέχνῃ
920 3664 1088 3737 πεποιημένα
1107 3663 1231 3741 οὐδεμιᾷ·

55 3752 196 3822 πυραμίδι
214 3749 244 3806 di
262 3749 278 3806 ὁ
298 3755 438 3823 Μειλίχιος
454 3749 472 3822 ἡ
490 3751 739 3809 distortione
756 3753 946 3824 εἰκασμένη.

136 3838 157 3907 ²)
177 3841 213 3896 cf.
231 3843 372 3911 imprimis
389 3861 417 3897 n.
436 3841 513 3909 7448,
532 3843 601 3913 plut.
622 3845 654 3896 E.

135 3928 156 3994 3)
176 3933 203 3981 Δ
222 3930 264 3986 52.

134 4016 157 4085 ⁴)
178 4019 209 4074 P.
227 4018 276 4086 IX,
296 4018 338 4083 19,
357 4022 380 4073 7.

135 4105 157 4174 5)
176 4107 207 4162 P.
226 4109 247 4174 1,
266 4108 310 4170 43,
331 4109 354 4162 1.

135 4194 158 4263 ⁶)
179 4196 214 4250 of.
234 4197 265 4252 P.
284 4196 305 4262 Ι,
324 4195 367 4263 41,
385 4198 415 4264 4;
434 4199 483 4266 ΙΠ,
503 4199 545 4270 16,
565 4203 593 4266 7;
613 4200 659 4268 VI,
679 4199 721 4268 22,
741 4200 769 4268 8;
789 4201 850 4271 VII,
869 4201 913 4272 24,
933 4204 956 4257 1.
