2872 4868
722 259 723 262 ’
775 249 817 312 22

204 481 324 544 neque
355 463 581 546 generationis
614 462 802 546 praesidem
836 462 937 526 simul
971 461 1071 526 lunae
1106 460 1281 525 dominam
1316 479 1377 524 esse
1423 486 1426 513 ι

213 581 352 635 necesse
374 574 439 652 est,
468 587 533 653 qua
556 569 598 634 de
620 588 658 633 re
679 569 770 634 infra
791 568 977 653 disputabo.
1023 565 1117 643 Quod
1140 586 1220 632 vero
1247 567 1376 632 Dianam

213 679 417 742 venatricem
441 676 482 740 de
505 675 629 757 Diana,
661 695 760 759 quam
783 677 936 758 credunt,
960 675 1059 740 lunae
1084 673 1309 740 moderatrice
1330 695 1376 738 er·

213 785 340 850 stitisse
359 784 492 866 *docent
516 783 615 848 huius
638 785 689 848 rei
712 803 810 866 quam
830 783 941 848 debile
958 785 1003 846 sit
1018 786 1263 866 argumentum,
1287 782 1374 846 facile

203 892 323 956 cnivis
344 891 542 973 intellegere
566 891 656 956 licet.
701 889 787 955 Nam
811 890 896 973 quod
912 888 1020 954 Diana
1042 889 1181 972 sagittas
1207 907 1374 970 arcumque

214 999 387 1081 gessisset,
418 1015 503 1079 quae
533 998 631 1061 lunae
664 998 815 1078 symbola
844 997 1000 1079 inissent,
1032 1013 1078 1060 ex
1106 1015 1145 1060 eo
1168 996 1267 1060 illam
1290 1015 1375 1060 vana
1430 1016 1436 1035 ¹

213 1106 333 1170 tricem
355 1108 389 1168 et
411 1105 601 1169 teredonis
622 1105 811 1189 praesidem
832 1106 989 1168 evenisse
1008 1104 1170 1186 colligunt
1194 1103 1246 1182 (V.
1270 1103 1375 1167 Lauer.
1431 1136 1436 1143 ·

214 1211 233 1274 l.
258 1212 278 1275 l.
301 1230 331 1295 p.
348 1209 434 1290 209).
485 1209 651 1293 Equidem
684 1212 725 1276 de
743 1213 925 1296 'religionis
954 1209 1101 1274 Graecae
1131 1211 1261 1292 origine
1292 1211 1376 1274 aliter

215 1318 330 1381 sentio.
376 1315 494 1399 Itaque
515 1317 656 1382 Dianam
679 1319 831 1382 lunarem
854 1319 950 1382 deam
975 1318 1159 1398 antiquitus
1181 1316 1290 1382 fuisse
1315 1335 1377 1380 oon·
1427 1330 1431 1335 ‘

215 1423 334 1488 cedere
365 1443 431 1488 non
464 1442 616 1508 possum:
649 1429 762 1490 tamen
792 1427 829 1488 in
861 1444 901 1489 ea
933 1425 1048 1488 lunare
1081 1422 1239 1505 quiddam
1272 1426 1379 1489 inerat.
1434 1434 1436 1459 ¹

213 1528 310 1594 Luat
334 1532 424 1596 anim
447 1530 635 1612 symbolum
657 1534 765 1597 noctis
789 1532 989 1611 habebatur,
1019 1550 1087 1596 nox
1117 1549 1200 1594 vero
1229 1536 1264 1594 et
1291 1535 1381 1611 terra,

217 1655 314 1719 quem
345 1637 459 1702 divina
487 1638 683 1720 procreandi
716 1638 874 1702 facultate
906 1638 1091 1722 praeditam
1124 1638 1318 1720 cogitabant
1345 1657 1383 1701 ex

214 1748 367 1810 veterum
395 1746 564 1809 sententia
589 1763 656 1808 non
685 1745 866 1811 dissimiles
896 1749 1002 1828 erant,
1037 1763 1113 1808 cum
1142 1748 1286 1826 utraque
1317 1744 1384 1808 iovi

213 1852 238 1917 i.
275 1870 301 1916 e.
342 1851 435 1916 caelo
474 1870 578 1932 aeque
618 1853 767 1934 opposita
806 1869 879 1916 esse
918 1853 1076 1932 sinusque
1110 1854 1221 1914 terroe
1245 1870 1385 1934 semper

214 1957 423 2022 tenebricosa
446 1957 586 2037 quadam
609 1960 706 2022 noete
729 1959 871 2041 opprimi
894 1958 1071 2022 videretur.

304 2062 456 2146 Denique
481 2065 648 2148 Apollinis
673 2066 815 2130 solarem
842 2068 994 2128 naturam
1024 2083 1098 2128 oum
1121 2061 1251 2127 Dianae
1281 2064 1387 2127 limari

215 2171 366 2236 conferre
390 2171 497 2235 solent
520 2173 704 2256 mythologi
712 2169 733 2252 1)
756 2175 794 2236 ut
816 2171 1036 2255 principalem
1051 2171 1225 2251 utriusque
1241 2172 1388 2234 numinis

215 2281 368 2340 namnam
391 2277 530 2341 alterius
553 2279 773 2343 similitudine
797 2278 977 2362 explicent.
1024 2275 1088 2340 Sed
1111 2276 1239 2340 Dianae
1265 2277 1389 2341 formae

218 2383 325 2465 ipsae,
355 2399 440 2462 quae
471 2383 512 2446 ad
542 2385 691 2450 lunarem
719 2389 871 2448 danuam
899 2384 1034 2467 propius
1058 2401 1157 2464 quam
1181 2387 1317 2448 ceterae
1341 2403 1389 2446 aa

217 2487 354 2569 cedunt,
376 2487 470 2552 velut
495 2488 671 2573 Καλλίστη,
695 2490 864 2556 Arcadum
887 2489 963 2572 dea,
992 2491 1027 2552 in
1050 2490 1172 2554 tabulis
1196 2491 1291 2554 nullo
1317 2510 1389 2573 cog·

216 2595 361 2660 nationis
383 2594 518 2659 vinculo
543 2611 619 2660 cum
634 2597 791 2681 Apolline
816 2597 1024 2662 consociatae
1039 2600 1124 2660 sunt.
1164 2595 1289 2682 Itaque
1305 2599 1388 2661 hano

214 2701 353 2766 deorum
395 2702 678 2767 necessitudinem
720 2723 786 2768 non
829 2723 874 2767 ex
916 2704 1147 2785 antiquissima
1186 2701 1388 2768 Graecorum

215 2809 389 2893 religione,
413 2807 472 2874 scd
497 2826 516 2871 e
537 2814 707 2892 poetarum
723 2811 868 2894 ¹ingenio
892 2810 1074 2894 profectam
1092 2819 1174 2874 'esse
1200 2828 1333 2876 censeo.

307 2900 389 2980 Oura
405 2933 483 2979 vero
507 2916 662 2980 nonnulli
685 2917 770 2982 bene
787 2917 1035 2982 intellexissent
1049 2935 1115 2980 non
1132 2934 1248 2981 omnes
1263 2917 1390 2982 Dianae

216 3023 359 3088 virtutes
388 3041 413 3086 e
451 3022 573 3106 lunari,
614 3043 713 3108 quam
751 3025 783 3088 ei
818 3023 1060 3102 attribuebant,
1102 3022 1248 3085 derivari
1284 3042 1390 3107 posse,

218 3129 335 3212 pluras
355 3129 558 3212 principales
581 3129 707 3196 Dianae
736 3135 871 3194 naturas
900 3134 1099 3210 statuerunt,
1128 3147 1213 3209 quae
1242 3131 1333 3195 inter
1358 3148 1390 3194 se

217 3232 404 3316 differrent,
432 3233 468 3297 id
496 3235 582 3316 quod
606 3253 681 3300 oum
704 3255 824 3300 nomen
849 3255 950 3300 unum
974 3235 1076 3299 fuerit
1098 3237 1172 3298 iure
1195 3234 1270 3300 fieri
1294 3253 1389 3320 posse

215 3341 285 3404 iam
315 3341 519 3424 negavimus.
578 3339 717 3406 Stellius
749 3342 884 3425 (Pauly,
913 3341 1278 3425 Rem-Enoycloptdie
1310 3363 1333 3407 s.
1363 3363 1390 3404 v,

217 3445 380 3530 Artemis)
405 3445 567 3512 Graecam
596 3452 629 3514 et
651 3446 861 3532 Pelasgieam
883 3449 1025 3514 Dianam
1053 3449 1220 3530 distinxit,
1253 3469 1392 3531 querum

217 3555 278 3620 illa
311 3554 481 3620 hominum
517 3558 550 3618 et
583 3556 776 3620 animalium
808 3556 1132 3636 tutrixiautrixque
1160 3559 1195 3618 et
1223 3555 1391 3639 Apollinis

218 3677 311 3726 soror
334 3662 525 3742 baberetur,
549 3662 634 3728 baec
654 3666 692 3726 ut
715 3661 914 3744 lunaedea,
939 3681 1023 3743 quae
1047 3680 1201 3744 agrorum
1224 3661 1393 3730 fertilitati

217 3768 415 3853 provideret,
439 3769 476 3832 in
490 3768 741 3834 Arcadia-culta
761 3772 855 3832 esset.
897 3767 1027 3834 Deinde
1043 3767 1252 3850 Hartungius
1277 3767 1391 3850 (Myth.

219 3875 272 3940 Gr.
296 3874 366 3958 III,
392 3896 423 3959 p.
441 3876 505 3940 151
533 3875 614 3957 sqq.)
662 3873 823 3940 Graecam
849 3873 1007 3956 Dianam,
1040 3894 1139 3957 quam
1170 3875 1393 3958 nympharum

219 3983 314 4062 quasi
336 3983 487 4064 reginam
513 4001 586 4046 esse
609 3985 712 4065 putat,
737 3982 880 4046 alunari
901 3981 963 4046 dea
979 3980 1124 4046 alienam
1140 3983 1269 4046 statuit:
1294 3981 1394 4046 simul

220 4105 264 4152 ex
297 4087 448 4152 Asiatica
484 4088 648 4170 religione
684 4086 885 4154 Graecorum
921 4086 1063 4152 Dianam
1097 4088 1306 4152 Amazonum
1340 4087 1395 4151 vel

218 4191 450 4273 Walcyrarum
473 4197 627 4259 naturam
649 4193 798 4266 induisse
814 4198 935 4276 monet,
959 4213 1024 4275 qua
1038 4196 1074 4258 in
1089 4213 1126 4258 re
1143 4199 1236 4260 certe
1251 4195 1394 4260 Dianam

216 4331 432 4348 mnu—u·-

220 4439 224 4476 :
258 4421 260 4426 ’
293 4420 314 4492 ¹)
333 4421 367 4478 V.
386 4419 419 4478 G.
437 4422 619 4484 Hermann,
643 4419 695 4491 Op.
713 4438 755 4479 ac.
774 4421 837 4485 VII,
859 4439 886 4492 p.
906 4419 958 4476 nst
977 4437 1018 4490 sq.
1049 4421 1170 4476 Laasri
1187 4420 1269 4491 Syst,
1287 4440 1316 4494 p.
1334 4423 1395 4480 255.
