2872 4868
783 269 825 332 86

222 501 322 564 quam
347 483 498 567 ineptum
528 483 572 546 sit
591 472 769 560 Ἀρτέμιδος
795 500 917 546 nomen
945 499 988 546 ex
1010 481 1074 545 hac
1095 480 1208 544 indole
1230 480 1354 544 derium.
1387 464 1399 489 '⁴

224 588 345 653 Contra
354 606 464 652 nonne
474 586 675 653 Graecorum
684 591 857 672 poetarum
868 590 1040 674 ingenium
1052 587 1210 652 admirari
1221 587 1358 667 debenus,

222 697 280 779 qui
307 697 530 781 perniciosam
558 697 744 760 naturalem
775 696 872 761 deam
894 698 931 760 in
952 695 1132 760 venatricis
1156 696 1298 778 optimae
1316 696 1362 756 vtr-
1423 690 1424 695 ’

222 805 376 886 gimeque
405 804 612 868 castIssimae
641 803 789 890 speciem
816 803 1028 887 redegerint?
1073 801 1192 883 Neque
1213 803 1290 867 talis
1310 802 1366 866 reii-
1423 780 1431 809 s

222 911 331 992 gionis
365 911 576 975 commutatio
604 913 719 975 contra
746 893 909 974 rationem
937 914 996 990 est,
1031 927 1106 972 cum
1135 905 1172 972 in
1199 911 1385 973 universum
1433 926 1436 941 ·

221 1035 240 1080 e
268 1017 477 1081 naturalibus
509 1017 573 1080 diis
605 1017 716 1080 ethica
743 1018 880 1081 numine
908 1021 979 1081 orta
1006 1018 1080 1080 sint.
1129 1013 1250 1098 Itaque
1280 1021 1372 1080 nostra
1430 1004 1436 1025 ⁸

221 1124 263 1187 de
285 1122 414 1187 Dianae
443 1124 590 1200 numinis
622 1122 880 1188 conformatione
903 1125 1071 1188 sententie
1091 1121 1241 1205 undique
1264 1122 1374 1187 firmata

220 1230 305 1293 mihi
326 1229 459 1296 videtur
482 1248 564 1294 esse.
639 1303 641 1306 ,

310 1334 461 1400 Primum
482 1337 585 1420 igittu
598 1335 706 1401 Diana
727 1338 916 1421 perniciose
939 1341 999 1418 est,
1023 1337 1109 1419 quod
1123 1341 1236 1402 terrae
1253 1342 1288 1403 et
1301 1338 1375 1402 nocti

222 1442 417 1524 dominatur,
450 1461 535 1525 quae
564 1443 756 1508 umbrarum
785 1443 883 1509 sedes
907 1449 991 1508 sunt.
1036 1443 1166 1508 Deinde
1189 1463 1271 1509 vero
1295 1445 1380 1509 etiam

213 1545 361 1613 'alteram
381 1553 520 1626 naturae
545 1549 643 1613 huius
663 1549 807 1614 infestae
824 1549 907 1614 deae
923 1567 1057 1614 causam
1074 1551 1379 1635 comprehendimus,

222 1675 307 1739 quae
329 1657 412 1740 ipsis
435 1655 624 1742 homicidiis
647 1657 684 1719 in
698 1657 940 1738 antiquissimis
955 1655 1082 1720 Dianae
1099 1656 1247 1720 cultibus
1263 1658 1381 1721 usitatis

222 1764 421 1828 continetur:
458 1763 559 1826 tertia
591 1761 734 1843 denique
769 1761 899 1840 aceedit
934 1780 1047 1844 causa,
1077 1764 1162 1826 cum
1196 1764 1382 1827 irascentem

221 1868 362 1934 Dianam
384 1870 580 1954 plerumque
604 1869 639 1932 iu
662 1867 786 1932 fabulis
808 1869 989 1934 videamus.
1254 1854 1256 1857 ¹

310 1974 515 2040 irascentem
549 1977 635 2039 hanc
669 1975 767 2040 deam
799 1976 964 2059 imprimis
997 1975 1112 2039 fabula
1140 1974 1181 2039 de
1211 1975 1382 2058 Calydonio

223 2101 301 2168 apro
326 2079 503 2163 exhibet1).
543 2073 732 2163 'calydonio
753 2101 834 2148 vero
857 2082 920 2146 dea
943 2082 1061 2146 eadem
1084 2086 1144 2162 eet,
1173 2101 1260 2165 quae
1284 2085 1384 2167 postea

221 2189 406 2274 Laphria
434 2183 661 2280 appeliatum),
697 2189 783 2271 quod
819 2206 1002 2271 cognomen
1031 2190 1098 2274 iam
1124 2187 1286 2254 infestam
1315 2191 1383 2254 deae
1435 2258 1436 2265 p

220 2297 368 2362 indolem
391 2294 580 2378 sIgnifioare
602 2279 742 2377 videtur,
767 2313 842 2359 eum
860 2285 1059 2378 ‘rapientem
1074 2296 1131 2359 vel
1145 2287 1383 2381 haumentem³)’

223 2403 254 2484 (a
269 2403 339 2467 red.
362 2401 423 2482 λαβ
445 2419 567 2466 nomen
589 2401 790 2483 derivantes)
813 2401 911 2465 deam
934 2397 1008 2465 esse
1031 2402 1278 2486 Intellegimus,
1303 2404 1384 2467 ouius

223 2509 261 2572 in
284 2507 457 2572 sacrificiis
479 2509 557 2571 vivs
580 2508 737 2572 animalia
759 2509 796 2571 in
817 2527 935 2592 rogum
955 2509 1107 2573 conIeota
1122 2505 1386 2596 cremabantur).

222 2614 262 2680 In
285 2615 345 2680 illa
367 2633 447 2679 vero
469 2613 584 2684 fabula
599 2614 786 2695 symbolum
800 2615 944 2681 infestae
960 2615 1042 2680 deae
1057 2615 1252 2704 reperimus,
1277 2631 1385 2699 nempe

222 2740 340 2806 aprum
373 2725 505 2803 segetes
538 2725 737 2785 vastantem:
769 2726 943 2805 praeterea
978 2721 1064 2786 aliae
1099 2722 1231 2787 bestiae
1267 2723 1386 2786 feroces

224 2830 341 2894 eadem
362 2830 438 2893 vioe
460 2829 692 2912 fungebantur,
716 2829 809 2894 velut
832 2830 956 2911 leones,
988 2831 1084 2910 tauri,
1114 2828 1192 2914 lupi
1208 2829 1277 2918 rel¹
1291 2830 1387 2913 lupae,

223 2949 363 3019 quorum
392 2937 540 3019 ipsorum
566 2936 756 3000 nominibus
785 2937 882 3008 deam
908 2936 1077 3002 interdum
1106 2935 1335 3019 appellabant,
1361 2935 1389 2998 id

224 3043 311 3126 quod
333 3038 568 3126 PorphyriusI)
595 3043 706 3125 tradit,
737 3045 794 3125 qui
822 3044 919 3107 haec:
948 3038 1004 3105 καὶ
1024 3037 1126 3116 θεοὺς
1149 3035 1184 3105 δὲ
1207 3037 1297 3105 οὕτω
1320 3059 1389 3123 προ·

223 3144 439 3230 σηγόρενσαν,
468 3141 529 3230 τὴν
557 3141 616 3228 μὲν
629 3141 780 3229 ’Ἄρτεμιν
802 3135 974 3221 λύκαιναν,
1002 3143 1061 3211 τὸν
1083 3141 1118 3210 δὲ
1134 3141 1253 3210 Ἥλιον
1276 3143 1390 3228 σαῦρον

224 3247 345 3330 λέοντα,
369 3247 545 3331 δράκοντα.
567 3245 686 3331 ἱέρακα,
708 3245 769 3334 τὴν
784 3246 819 3315 δὲ
826 3244 968 3334 Ἑκάτην
983 3249 1092 3331 ἵππον,
1106 3250 1239 3331 ταῦρον,
1260 3245 1391 3328 λέαιααν,

214 3349 315 3432 αύνα
362 3353 479 3436 Itaque
502 3339 666 3439 imprimis
686 3357 813 3421 Dianae
829 3356 1033 3441 Tauropolae
1054 3356 1267 3423 formidolosa
1282 3362 1393 3422 notua

222 3461 488 3528 adscribebatur:
518 3481 602 3544 quae
631 3481 714 3528 eum
729 3467 823 3528 tauro
846 3447 944 3529 vecta
965 3463 1147 3548 fingeretur
1170 3467 1271 3546 quain
1297 3465 1393 3528 celer·

298 3727 318 3795 ¹)
338 3728 419 3784 Hom.
438 3731 461 3789 I,
480 3727 532 3784 533
551 3745 614 3797 sqq.
649 3727 728 3784 Ovid.
746 3728 813 3784 Met.
832 3727 907 3798 VIII,
926 3747 951 3784 v.
970 3727 1031 3784 273.
1167 3791 1169 3794 ¹

268 3821 270 3824 ’
298 3815 321 3884 ¹)
339 3817 370 3873 P.
388 3817 436 3887 IV,
455 3818 498 3883 31,
518 3817 548 3883 7;
567 3817 630 3880 VII,
650 3815 692 3883 18,
711 3819 727 3872 6
746 3833 820 3886 sqq.;
839 3817 873 3883 X,
891 3815 934 3883 38,
955 3817 996 3873 12.
1039 3811 1040 3814 ¹
1232 3819 1234 3826 ⁴

298 3903 373 3975 ’tet
401 3906 497 3962 Iovem
524 3902 694 3973 Λαφύστιαν.
734 3905 825 3960 Nimis
851 3907 912 3961 arte
941 3899 1185 3962 &Muellerus
1213 3903 1261 3974 (de
1289 3907 1354 3964 Dor.
1378 3905 1396 3968 I

226 4014 253 4068 p.
273 3995 335 4064 381,
354 4000 412 4051 not
432 3994 459 4061 5)
485 3995 555 4049 deae
576 3995 706 4051 naturam
726 3994 934 4061 dreumscribit,
957 4011 1018 4052 oum
1041 3987 1249 4052 dicata‘Diese
1267 3995 1396 4053 stolische

224 4084 347 4139 Artemis
364 4083 401 4138 iat
423 4082 647 4152 Getreidegottin
670 4082 728 4137 und
750 4082 889 4138 erseheint
912 4083 999 4139 daher
1020 4084 1063 4138 als
1089 4083 1128 4137 im
1152 4080 1286 4140 Getreide
1310 4101 1397 4140 resen·

226 4173 276 4228 der
294 4165 383 4227 Eber?

140 4335 142 4340 Ι
298 4257 321 4328 ⁴)
341 4260 450 4316 simnia
476 4259 610 4316 anesca
641 4219 1014 4327 commemoranturP.1V,
1045 4259 1129 4327 aar
1158 4259 1311 4334 rusum,
1336 4265 1399 4319 xes.

226 4349 317 4405 Anab.
337 4349 399 4414 VII,
418 4350 443 4415 8,
463 4349 479 4403 5
497 4348 624 4412 Milichii.
1107 4371 1109 4374 ·

294 4435 323 4507 .⁵)
343 4438 385 4493 ne
403 4437 511 4494 suain.
529 4439 555 4503 4,
576 4436 618 4492 re.
