2872 4868
678 255 890 351 —BL

289 468 368 532 Alio
392 467 534 550 denique
559 468 697 532 consilio
721 486 820 532 canes
843 467 926 531 deae
950 465 1156 530 addebantur
1177 467 1214 528 in
1235 461 1344 528 simula·

204 575 278 660 oris,
303 593 378 638 oum
399 578 527 638 tantum
550 573 677 640 Dianae
699 575 863 638 venauioi
886 573 1112 653 convenirent,
1142 591 1241 655 quam
1254 571 1349 646 ¹adhuc

202 681 346 745 nondum
375 682 624 764 explicavimus.
676 680 782 746 (iones
807 682 905 762 enim,
934 681 1059 768 quippe
1086 680 1145 762 qni
1172 678 1354 742 venantibus

202 806 328 852 summo
358 789 435 852 usui
465 789 540 870 sint,
569 805 710 870 cumque
737 788 871 852 venatio
898 789 935 850 in
962 783 1090 856 Dianae
1121 785 1288 869 praesidio
1317 785 1358 863 sit,
1422 790 1431 811 ⁵

203 896 303 960 etiam
327 895 408 959 deae
425 895 511 958 sacri
526 893 744 976 habebantur,
767 895 936 958 rarissime
951 898 1064 957 autam
1078 887 1362 970 immolabanturb.
1393 955 1395 958 .

291 1001 553 1083 Sohliemannus,
583 1003 639 1066 cui
668 1005 802 1084 propter
831 1001 1066 1064 excavationes
1088 999 1364 1082 praeclarissimas

202 1111 384 1173 maximam
418 1107 577 1172 debemus
611 1108 763 1191 gratiam,
800 1105 1016 1188 Mycenarum
1054 1107 1090 1169 in
1126 1108 1236 1170 minis
1271 1123 1367 1189 nuper

204 1234 351 1302 gemmas
375 1214 621 1298 antiquissimas
649 1216 787 1297 invenit,
820 1215 856 1277 in
887 1214 1008 1296 quibus
1036 1213 1146 1278 bestia
1173 1213 1267 1297 pullo
1295 1212 1369 1276 uber
1403 1273 1405 1276 .

203 1322 367 1407 praebens
398 1323 505 1405 capite
535 1321 696 1386 reclinato
726 1322 854 1403 caelata
887 1325 938 1385 est
961 1321 1032 1384 sive
1056 1320 1116 1384 bos
1140 1321 1213 1384 sive
1239 1314 1370 1401 carnal).

206 1426 298 1504 Quae
332 1427 458 1510 figurae
491 1445 566 1492 cum
604 1432 694 1492 certe
729 1426 947 1507 symbolicam
976 1428 1147 1492 notionem
1175 1428 1371 1508 contineant,

206 1535 295 1599 deae
321 1535 482 1598 naturalis
514 1538 548 1597 et
582 1534 738 1618 genitalis
773 1535 867 1618 signa
903 1534 1062 1598 ridentur
1099 1551 1188 1615 esse,
1230 1533 1374 1598 eiusdem
1422 1531 1423 1542 ’

207 1643 299 1722 deae,
334 1642 428 1706 cuius
444 1695 445 1700 ,
463 1639 649 1721 symbolum
682 1645 797 1724 portae
831 1639 1048 1722 Mycenarum
1084 1641 1283 1723 impositum
1322 1645 1375 1719 est,

209 1750 303 1813 cuius
338 1749 420 1812 deae
451 1747 646 1830 principalis
680 1751 798 1811 natura
823 1753 934 1813 terrae
964 1748 1115 1811 nutriens
1142 1748 1195 1812 vis
1228 1747 1377 1818 habenda

210 1865 270 1938 est,
294 1873 444 1937 quaeque
468 1854 530 1919 dea
551 1855 714 1937 imprimis
737 1853 920 1920 bestiarum
941 1854 1081 1922 tutelam
1103 1853 1250 1938 gerebat.
1298 1853 1377 1918 Sane

209 1963 333 2045 optime
355 1961 479 2026 talibus
502 1961 617 2045 figuris
640 1961 703 2026 dea
728 1961 912 2042 symbolice
937 1959 1260 2044 repraesentabatur,
1290 1962 1378 2024 cuius
1431 2003 1432 2014 η

211 2069 355 2134 cultores
379 2072 412 2132 et
427 2067 591 2150 pascendo
616 2071 650 2131 et
664 2067 815 2132 venando
830 2068 958 2132 victum
972 2068 1152 2151 praecipue
1168 2067 1380 2149 quaerebant

211 2173 315 2239 Multo
338 2175 448 2238 minus
469 2177 582 2256 aptum
598 2173 819 2256 decorumque
836 2178 916 2254 erat,
940 2174 970 2238 si
985 2173 1068 2238 deae
1082 2174 1189 2257 ipsius
1205 2174 1381 2238 simulacra

210 2282 339 2345 multis
356 2280 508 2344 mammis
539 2282 701 2344 instructa
732 2279 956 2368 fingebantm,
990 2279 1109 2362 quibus
1142 2280 1242 2344 deam
1274 2281 1382 2344 omnia

210 2388 414 2468 nutrientem
437 2386 673 2468 significarent.
719 2383 842 2451 Tamen
870 2391 904 2451 et
930 2385 1120 2450 huiusmodi
1147 2387 1245 2470 signa
1269 2391 1384 2450 extant
1431 2369 1432 2372 ¹

211 2494 376 2575 imprimis
404 2492 571 2576 Ephesiae
598 2492 742 2574 Dianae,
770 2495 806 2556 in
834 2493 953 2575 quibus
980 2493 1215 2576 polymastiam
1243 2493 1384 2558 fontium

213 2599 401 2682 symbolum
425 2617 498 2663 esse
521 2597 663 2663 (iuhlius
687 2599 819 2682 (Ephes.
842 2619 873 2682 p.
897 2597 951 2680 82)
977 2599 1156 2682 contendit,
1191 2601 1281 2682 quod
1305 2619 1385 2664 oom-

212 2706 353 2789 probare
380 2724 447 2770 non
472 2724 621 2789 possum,
650 2724 727 2770 cum
754 2707 892 2771 minime
921 2706 962 2770 ad
986 2725 1106 2788 aquam
1129 2707 1235 2771 solam
1258 2705 1384 2771 Dianae

212 2813 406 2898 principalis
423 2818 553 2878 ,nauus
578 2813 754 2880 referenda
775 2814 857 2894 sit,
877 2813 937 2879 sed
964 2813 1005 2878 ad
1032 2815 1180 2878 omnium
1209 2831 1327 2878 rerum
1355 2819 1386 2877 et

214 2921 407 2985 animalium
429 2921 706 3004 generationem:
721 2920 757 2985 id
784 2920 919 3002 quidem
947 2920 1010 2984 hoc
1033 2921 1142 3004 eapite
1165 2919 1207 2983 ab
1232 2921 1385 2985 omnibus

214 3027 364 3111 partibus
388 3029 467 3092 satis
491 3027 575 3091 mihi
597 3027 729 3094 videtur
753 3027 959 3110 explicatum
982 3045 1066 3091 esse.

698 3361 823 3464 Oapnt
848 3362 909 3449 ll.

441 3535 486 3608 lle
508 3535 628 3608 Dianae
650 3536 827 3626 perniciosa
850 3542 883 3610 et
905 3537 1019 3610 halica
1041 3539 1170 3608 natura.

294 3683 428 3748 ,Terrae
451 3686 637 3748 immanens
659 3685 725 3766 vis,
757 3703 820 3766 qua
842 3682 969 3748 Dianae
996 3683 1215 3767 principalem
1239 3687 1393 3746 naturam

220 3792 383 3857 contineri
399 3791 554 3872 diximus,
577 3809 645 3855 non
668 3791 775 3855 solum
797 3792 941 3874 propitia
964 3796 998 3855 et
1020 3789 1183 3855 benevola
1208 3794 1268 3872 est,
1294 3809 1394 3872 quam

220 3899 327 3963 adhuc
358 3898 607 3981 descripsimus,
643 3897 702 3961 sed
737 3899 838 3962 etiam
871 3897 993 3961 infesta
1024 3902 1062 3961 et
1094 3896 1285 3980 perniciosa
1321 3915 1394 3961 esse

217 4010 339 4089 potest,
381 4005 421 4068 ad
466 4023 565 4087 quam
607 4003 860 4067 describendam
902 4017 991 4067 nunc
1035 4002 1232 4067 accedimus.
1298 4002 1395 4067 Duae

221 4116 333 4175 autem
360 4113 524 4195 imprimis
555 4111 704 4175 existunt
725 4112 930 4194 provinciae,
963 4129 1047 4193 quae
1077 4111 1140 4174 hac
1168 4108 1250 4173 deae
1276 4116 1396 4176 natura

295 4341 316 4410 1)
336 4309 557 4406 οῐζποιοιωι,
576 4339 673 4395 mear.
693 4338 740 4394 or.
757 4339 779 4406 1,
797 4359 825 4410 p.
845 4340 905 4395 soe.

295 4429 316 4499 ²)
337 4431 370 4485 cf.
390 4429 621 4493 Sohliemann,
640 4429 788 4496 Mykenae,
806 4431 853 4499 fig.
871 4447 899 4485 n.
920 4429 969 4484 175
989 4431 1017 4483 et
1036 4429 1096 4485 315.
