2872 4868
634 287 674 348 37

60 499 252 562 verisimile
283 503 341 580 est,
372 518 437 581 qua
465 499 507 563 de
534 519 571 564 re
599 503 752 568 nonnulli
785 498 1064 583 dubitaverunt1).
1119 501 1242 566 Postea

61 609 178 668 autem
208 624 228 668 a
256 606 406 688 mitigato
431 604 633 671 Graecorum
661 610 796 692 ingenio
825 609 888 672 hoc
916 609 1046 691 priscae
1068 608 1242 690 religionis

59 713 259 776 institutum
287 713 334 775 ita
366 712 577 796 abhorrebat,
610 720 646 779 ut
676 715 793 780 caedes
822 717 890 779 iam
917 734 983 779 non
1010 720 1241 799 perpetrarent

65 818 125 882 sed
144 820 363 884 caerimonias
379 823 509 884 tantum
524 821 618 885 velut
633 821 893 906 flagellationem
909 826 943 885 et
959 823 1242 886 consecrationem

64 927 241 990 hominum
262 927 455 990 retinerent.

157 1068 309 1133 Primum
325 1068 459 1151 quidem
475 1070 653 1134 multorum
667 1074 837 1134 auctorum
848 1072 1049 1135 testimoniis
1059 1067 1084 1153 2)
1099 1070 1240 1134 traditur

64 1175 197 1240 Dianae
222 1174 357 1240 Orthiae
374 1196 394 1240 a
409 1174 579 1258 Spartanis
603 1182 679 1240 ante
695 1176 886 1260 Lycurgum
898 1179 1038 1260 juvenes
1053 1179 1240 1242 immolatos

64 1303 155 1347 esse:
180 1287 297 1367 postea
319 1302 400 1348 vero
419 1285 522 1347 ritum
537 1285 584 1347 ita
599 1289 763 1376 mutatum
780 1303 862 1368 esse,
885 1289 923 1348 ut
937 1285 1080 1369 puberes
1096 1285 1239 1367 flagellis

64 1391 157 1453 caesi
191 1390 272 1453 deae
307 1391 439 1473 signum
471 1409 586 1454 cruore
617 1391 860 1474 adspergerent.
906 1390 1047 1455 Dianam
1079 1394 1169 1455 enim
1199 1391 1240 1456 de

67 1498 280 1560 comminutis
315 1499 418 1560 sacris
451 1498 560 1560 minus
596 1497 842 1582 indignaturam
876 1518 949 1562 esse
986 1498 1175 1582 censebant,
1211 1500 1240 1562 si

65 1603 182 1667 eodem
207 1603 301 1666 modo
326 1622 389 1684 quo
414 1608 511 1667 antea
526 1603 653 1668 Dianae
678 1606 944 1687 antiquissimam
964 1610 1107 1669 statuam
1124 1624 1239 1670 cruore

63 1709 299 1773 madidassent.
344 1709 473 1774 Deinde
501 1712 537 1773 in
558 1709 764 1775 Brauroniae
786 1710 913 1774 Dianae
946 1713 1038 1775 cultu
1061 1713 1240 1776 homicidia

62 1819 172 1900 primo
189 1817 338 1881 adhibita
354 1835 427 1881 esse
444 1816 623 1882 Suchierus
640 1815 695 1900 (de
711 1817 818 1882 Diana
827 1817 1019 1899 Brauronia,
1035 1817 1138 1882 Marb.
1154 1820 1237 1882 1847

61 1945 90 2007 p.
115 1925 160 1986 24
185 1928 219 1986 et
243 1921 296 2004 33)
324 1923 485 2007 probavit,
516 1926 573 2006 qui
600 1924 690 1988 idem
717 1926 800 1988 haec
838 1927 996 1988 immania
1026 1926 1190 1989 sacrificia
1221 1945 1239 1988 a

61 2031 217 2094 barbaris
242 2031 368 2094 adscita
392 2050 465 2094 esse
488 2035 579 2094 recto
603 2034 746 2114 negavit.
785 2034 897 2114 Atque
921 2034 980 2096 illo
1004 2033 1138 2113 quidem
1167 2033 1238 2096 loco

60 2139 193 2221 puellas
217 2138 297 2201 olim
320 2142 479 2201 mactatas
504 2157 577 2202 esse
607 2157 650 2200 ex
679 2140 889 2219 caerimonia,
921 2158 1004 2220 quae
1029 2132 1160 2216 ἀρκτεία
1181 2158 1238 2202 no-

61 2245 262 2326 minabatur,
288 2245 446 2327 colligere
469 2262 652 2327 possumus.
683 2243 757 2308 Non
779 2245 895 2328 procul
911 2264 930 2307 a
945 2244 1115 2309 Braurona
1133 2247 1239 2309 altera

62 2352 147 2414 deae
178 2341 279 2414 huius
312 2353 562 2433 antiquissimae
596 2351 694 2415 aedes
726 2357 805 2434 erat,
838 2351 935 2415 Halis
958 2353 1237 2436 Araphenidibus,

59 2459 120 2522 ubi
144 2457 272 2522 Dianae
305 2462 423 2542 postea
454 2456 656 2541 Tauropolae
691 2461 940 2542 cognominatae
975 2460 1100 2522 cultum
1133 2459 1237 2523 fuisse

61 2565 240 2649 Euripides
257 2563 373 2648 (lphig.
388 2564 480 2628 Paur.
493 2586 523 2628 v,
539 2567 771 2648 1450—1467)
784 2586 843 2630 nos
856 2567 960 2631 docet.
982 2567 1044 2630 Vir
1056 2568 1104 2631 ibi
1117 2567 1237 2649 aliquis

59 2672 171 2755 gladio
196 2671 237 2734 ad
260 2673 407 2735 cervices
430 2672 562 2754 admoto
582 2690 732 2736 cruorem
755 2667 909 2735 emittere
930 2672 1116 2755 cogebatur,
1139 2693 1238 2755 quem

59 2797 188 2842 morem
216 2779 253 2840 in
277 2778 450 2841 homicidii
474 2777 585 2841 locum
605 2781 807 2842 successisse
825 2780 969 2863 apparet.
1007 2778 1089 2843 Purn
1109 2779 1237 2844 Dianae

59 2884 254 2949 Munichiae
284 2886 392 2948 cultus
423 2886 655 2966 antiquissimo
678 2890 826 2968 tempore
846 2887 987 2967 virginis
1010 2887 1236 2949 immolatione

60 2993 280 3076 polluebatur,
303 2994 398 3055 cuius
414 2994 451 3054 in
469 2993 578 3055 locum
591 2995 706 3075 postea
718 3011 817 3075 capra
828 2991 978 3054 vestibus
990 2993 1026 3054 in
1037 2992 1237 3074 virginalem

59 3101 212 3164 habitum
233 3099 348 3163 induta
366 3094 629 3178 immolabatur³l
641 3096 803 3161 Memoria
818 3097 936 3180 dignus
955 3102 1006 3161 est
1022 3099 1235 3164 Achaeorum

61 3209 181 3286 cultae,
199 3224 298 3287 quem
312 3206 390 3269 olim
399 3204 509 3269 Patris
522 3204 625 3268 fuisse
637 3203 818 3268 Pausanias
829 3201 854 3284 4)
872 3203 1044 3268 describit:
1061 3208 1236 3287 quotannis

61 3315 151 3376 enim
160 3313 326 3393 virginem
339 3316 372 3375 et
383 3330 532 3394 puerum,
545 3313 603 3393 qui
613 3311 839 3375 formaessent
847 3311 1095 3396 elegantissimi,
1108 3311 1236 3378 Dianae

60 3419 251 3484 mactabant
286 3421 480 3503 cognomine
511 3417 699 3482 Triclariae.
760 3417 951 3502 Eurypylus
979 3439 1058 3483 vero
1092 3421 1235 3504 quidam,

61 3529 116 3609 qui
140 3525 281 3606 Dionysi
305 3545 398 3590 sacra
421 3545 496 3590 cum
520 3527 615 3609 signo
638 3525 693 3589 dei
721 3527 951 3607 antiquissimo
981 3526 1146 3609 attulerat,
1175 3528 1235 3590 illa

60 3633 189 3696 Dianae
223 3632 333 3696 finivit
366 3651 468 3696 sacra.
516 3631 671 3696 Ceterum
702 3632 796 3695 illam
830 3651 848 3694 a
879 3631 1046 3696 Pausania
1079 3633 1235 3696 traditam

60 3741 219 3823 fabulam,
243 3758 309 3822 qua
332 3741 504 3803 hominum
523 3740 759 3803 immolationis
777 3741 938 3822 originem
954 3739 1124 3823 explicare
1140 3757 1238 3803 cona-

58 3928 275 3937 ———-

135 4041 156 4109 ²)
176 4042 268 4111 Voss,
291 4041 497 4111 Antisymbolic
519 4041 558 4106 ΙΙ,
590 4060 616 4110 p.
639 4041 700 4097 452.
753 4041 978 4106 Schoemann,
1006 4040 1102 4108 Antiq.
1128 4040 1174 4096 Gr.
1200 4041 1235 4107 Il,

58 4151 87 4202 p.
107 4132 170 4187 255.
207 4131 400 4200 Boettiger,
418 4129 628 4198 Kunstmythol.
647 4130 669 4194 1,
688 4147 715 4198 p.
736 4130 796 4185 155.

134 4218 156 4288 ²)
176 4220 256 4275 Paus.
280 4219 333 4288 Ill,
361 4222 407 4286 16,
432 4222 456 4274 7.
493 4219 621 4287 Xenoph.
645 4219 708 4273 Lac.
732 4219 771 4287 II,
796 4221 820 4274 9.
861 4220 935 4274 Plut.
960 4218 1077 4288 Lycurg.
1103 4218 1145 4274 18.
1182 4217 1239 4273 Cic.

58 4312 138 4366 Tusa.
157 4309 194 4377 ΙΙ,
216 4307 257 4376 14,
276 4308 319 4363 34.
870 4364 873 4372 ,

133 4396 155 4467 ⁸)
173 4398 300 4452 Paroem.
320 4397 365 4452 Gr.
384 4397 406 4460 Ι,
425 4416 452 4468 p.
470 4397 531 4451 402.
569 4396 602 4450 cl.
622 4395 774 4465 Suchier,
793 4398 812 4452 l.
831 4397 849 4452 l.
869 4416 897 4467 p.
915 4395 958 4451 47.

133 4485 156 4555 ⁴)
177 4487 239 4554 Vll,
260 4487 301 4541 19.
339 4487 374 4542 cl.
391 4487 421 4540 Ε.
442 4484 592 4551 Curtius,
611 4485 795 4554 Peloponnes.
814 4487 836 4553 Ι,
855 4505 882 4556 p.
900 4485 953 4540 445
972 4503 1026 4552 sq,
1040 4493 1072 4552 p.
1088 4482 1158 4541 dib.
