<?xml version="1.0" encoding="UTF-8"?>
<!DOCTYPE html PUBLIC "-//W3C//DTD XHTML 1.0 Transitional//EN"
    "http://www.w3.org/TR/xhtml1/DTD/xhtml1-transitional.dtd">
<html xmlns="http://www.w3.org/1999/xhtml" xml:lang="en" lang="en">
 <head>
  <title>
</title>
<meta http-equiv="Content-Type" content="text/html;charset=utf-8" />
  <meta name='ocr-system' content='tesseract 3.04.00' />
  <meta name='ocr-capabilities' content='ocr_page ocr_carea ocr_par ocr_line ocrx_word'/>
</head>
<body>
  <div class='ocr_page' id='page_1' title='image "./dedianaeantiqui00claugoog_0021.png"; bbox 0 0 2872 4868; ppageno 0'>
   <div class='ocr_carea' id='block_1_1' title="bbox 212 457 1435 1290">
    <p class='ocr_par' dir='ltr' id='par_1_1' title="bbox 212 457 1435 1290">
     <span class='ocr_line' id='line_1_1' title="bbox 214 457 1382 543; baseline -0.001 -22"><span class='ocrx_word' id='word_1_1' title='bbox 214 459 372 523; x_wconf 79' lang='lat' dir='ltr'>vocabuli</span> <span class='ocrx_word' id='word_1_2' title='bbox 396 460 558 542; x_wconf 81' lang='lat' dir='ltr'>originem</span> <span class='ocrx_word' id='word_1_3' title='bbox 587 461 622 522; x_wconf 90' lang='lat' dir='ltr'>in</span> <span class='ocrx_word' id='word_1_4' title='bbox 650 460 709 524; x_wconf 90' lang='lat' dir='ltr'>has</span> <span class='ocrx_word' id='word_1_5' title='bbox 737 461 890 543; x_wconf 76' lang='lat' dir='ltr'>regiones</span> <span class='ocrx_word' id='word_1_6' title='bbox 914 461 987 522; x_wconf 89' lang='lat' dir='ltr'>sine</span> <span class='ocrx_word' id='word_1_7' title='bbox 1011 457 1204 540; x_wconf 75' lang='lat' dir='ltr'>ambagibus</span> <span class='ocrx_word' id='word_1_8' title='bbox 1228 475 1382 520; x_wconf 89' lang='lat' dir='ltr'>revocare</span> 
     </span>
     <span class='ocr_line' id='line_1_2' title="bbox 215 564 1435 649; baseline -0.002 -21"><span class='ocrx_word' id='word_1_9' title='bbox 215 566 387 647; x_wconf 88' lang='lat' dir='ltr'>possimus.</span> <span class='ocrx_word' id='word_1_10' title='bbox 427 564 491 629; x_wconf 84' lang='lat' dir='ltr'>Sed</span> <span class='ocrx_word' id='word_1_11' title='bbox 516 585 590 630; x_wconf 92' lang='lat' dir='ltr'>cum</span> <span class='ocrx_word' id='word_1_12' title='bbox 614 566 701 649; x_wconf 88' lang='lat' dir='ltr'>apud</span> <span class='ocrx_word' id='word_1_13' title='bbox 717 565 856 646; x_wconf 83' lang='lat' dir='ltr'>Scythas</span> <span class='ocrx_word' id='word_1_14' title='bbox 881 566 997 629; x_wconf 84' lang='lat' dir='ltr'>eadem</span> <span class='ocrx_word' id='word_1_15' title='bbox 1021 565 1082 628; x_wconf 92' lang='lat' dir='ltr'>dea</span> <span class='ocrx_word' id='word_1_16' title='bbox 1106 564 1195 626; x_wconf 88' lang='lat' dir='ltr'>culta</span> <span class='ocrx_word' id='word_1_17' title='bbox 1219 565 1263 626; x_wconf 90' lang='lat' dir='ltr'>sit</span> <span class='ocrx_word' id='word_1_18' title='bbox 1281 568 1317 626; x_wconf 88' lang='lat' dir='ltr'>et</span> <span class='ocrx_word' id='word_1_19' title='bbox 1330 582 1383 646; x_wconf 91' lang='lat' dir='ltr'>per</span> <span class='ocrx_word' id='word_1_20' title='bbox 1432 588 1435 609; x_wconf 62' lang='grc' dir='ltr'>ι</span> 
     </span>
     <span class='ocr_line' id='line_1_3' title="bbox 214 671 1382 756; baseline -0.003 -20"><span class='ocrx_word' id='word_1_21' title='bbox 214 691 327 736; x_wconf 90' lang='lat' dir='ltr'>omnes</span> <span class='ocrx_word' id='word_1_22' title='bbox 351 672 422 736; x_wconf 87' lang='lat' dir='ltr'>fere</span> <span class='ocrx_word' id='word_1_23' title='bbox 447 673 550 736; x_wconf 90' lang='lat' dir='ltr'>Asiae</span> <span class='ocrx_word' id='word_1_24' title='bbox 572 672 674 737; x_wconf 88' lang='lat' dir='ltr'>urbes</span> <span class='ocrx_word' id='word_1_25' title='bbox 704 674 776 736; x_wconf 89' lang='lat' dir='ltr'>eius</span> <span class='ocrx_word' id='word_1_26' title='bbox 799 673 924 756; x_wconf 88' lang='lat' dir='ltr'>templa</span> <span class='ocrx_word' id='word_1_27' title='bbox 946 672 1083 754; x_wconf 89' lang='lat' dir='ltr'>fuerint,</span> <span class='ocrx_word' id='word_1_28' title='bbox 1112 689 1236 734; x_wconf 91' lang='lat' dir='ltr'>nomen</span> <span class='ocrx_word' id='word_1_29' title='bbox 1261 689 1308 733; x_wconf 84' lang='lat' dir='ltr'>ex</span> <span class='ocrx_word' id='word_1_30' title='bbox 1331 671 1382 732; x_wconf 89' lang='lat' dir='ltr'>illa</span> 
     </span>
     <span class='ocr_line' id='line_1_4' title="bbox 213 778 1382 862; baseline -0.002 -20"><span class='ocrx_word' id='word_1_31' title='bbox 213 778 531 862; x_wconf 90' lang='lat' dir='ltr'>Indogermanorum</span> <span class='ocrx_word' id='word_1_32' title='bbox 553 784 646 862; x_wconf 88' lang='lat' dir='ltr'>parte</span> <span class='ocrx_word' id='word_1_33' title='bbox 671 780 886 843; x_wconf 91' lang='lat' dir='ltr'>derivandum</span> <span class='ocrx_word' id='word_1_34' title='bbox 911 799 983 844; x_wconf 89' lang='lat' dir='ltr'>esse</span> <span class='ocrx_word' id='word_1_35' title='bbox 1002 778 1168 862; x_wconf 88' lang='lat' dir='ltr'>probatur,</span> <span class='ocrx_word' id='word_1_36' title='bbox 1193 795 1296 857; x_wconf 89' lang='lat' dir='ltr'>quam</span> <span class='ocrx_word' id='word_1_37' title='bbox 1315 795 1382 840; x_wconf 91' lang='lat' dir='ltr'>cum</span> 
     </span>
     <span class='ocr_line' id='line_1_5' title="bbox 212 883 1383 969; baseline -0.003 -19"><span class='ocrx_word' id='word_1_38' title='bbox 212 888 305 950; x_wconf 92' lang='lat' dir='ltr'>Ariis</span> <span class='ocrx_word' id='word_1_39' title='bbox 330 888 350 948; x_wconf 91' lang='lat' dir='ltr'>i.</span> <span class='ocrx_word' id='word_1_40' title='bbox 376 905 402 948; x_wconf 92' lang='lat' dir='ltr'>e.</span> <span class='ocrx_word' id='word_1_41' title='bbox 418 884 594 950; x_wconf 78' lang='lat' dir='ltr'>Persarum</span> <span class='ocrx_word' id='word_1_42' title='bbox 610 885 832 969; x_wconf 86' lang='lat' dir='ltr'>Indorumque</span> <span class='ocrx_word' id='word_1_43' title='bbox 854 887 1009 969; x_wconf 89' lang='lat' dir='ltr'>gentibus</span> <span class='ocrx_word' id='word_1_44' title='bbox 1025 886 1148 949; x_wconf 90' lang='lat' dir='ltr'>diutius</span> <span class='ocrx_word' id='word_1_45' title='bbox 1167 903 1268 965; x_wconf 88' lang='lat' dir='ltr'>quam</span> <span class='ocrx_word' id='word_1_46' title='bbox 1285 883 1383 947; x_wconf 88' lang='lat' dir='ltr'>Italos</span> 
     </span>
     <span class='ocr_line' id='line_1_6' title="bbox 214 990 1383 1076; baseline -0.003 -20"><span class='ocrx_word' id='word_1_47' title='bbox 214 992 478 1074; x_wconf 88' lang='lat' dir='ltr'>Dodonaeosque</span> <span class='ocrx_word' id='word_1_48' title='bbox 501 991 660 1076; x_wconf 85' lang='lat' dir='ltr'>Pelasgos</span> <span class='ocrx_word' id='word_1_49' title='bbox 685 995 872 1058; x_wconf 81' lang='lat' dir='ltr'>cohaesisse</span> <span class='ocrx_word' id='word_1_50' title='bbox 895 991 1069 1076; x_wconf 69' lang='lat' dir='ltr'>apparetl),</span> <span class='ocrx_word' id='word_1_51' title='bbox 1093 1010 1194 1073; x_wconf 88' lang='lat' dir='ltr'>quare</span> <span class='ocrx_word' id='word_1_52' title='bbox 1215 990 1383 1054; x_wconf 81' lang='lat' dir='ltr'>Persicam</span> 
     </span>
     <span class='ocr_line' id='line_1_7' title="bbox 214 1098 1383 1183; baseline -0.002 -21"><span class='ocrx_word' id='word_1_53' title='bbox 214 1100 373 1181; x_wconf 84' lang='lat' dir='ltr'>linguam,</span> <span class='ocrx_word' id='word_1_54' title='bbox 398 1101 521 1182; x_wconf 89' lang='lat' dir='ltr'>quippe</span> <span class='ocrx_word' id='word_1_55' title='bbox 545 1119 629 1180; x_wconf 87' lang='lat' dir='ltr'>quae</span> <span class='ocrx_word' id='word_1_56' title='bbox 645 1101 821 1165; x_wconf 89' lang='lat' dir='ltr'>Aricarum</span> <span class='ocrx_word' id='word_1_57' title='bbox 843 1102 995 1183; x_wconf 85' lang='lat' dir='ltr'>proxima</span> <span class='ocrx_word' id='word_1_58' title='bbox 1016 1101 1068 1181; x_wconf 89' lang='lat' dir='ltr'>sit,</span> <span class='ocrx_word' id='word_1_59' title='bbox 1093 1099 1133 1162; x_wconf 93' lang='lat' dir='ltr'>ad</span> <span class='ocrx_word' id='word_1_60' title='bbox 1150 1098 1383 1181; x_wconf 84' lang='lat' dir='ltr'>explicandum</span> 
     </span>
     <span class='ocr_line' id='line_1_8' title="bbox 216 1205 1383 1290; baseline -0.002 -21"><span class='ocrx_word' id='word_1_61' title='bbox 216 1223 338 1270; x_wconf 89' lang='lat' dir='ltr'>nomen</span> <span class='ocrx_word' id='word_1_62' title='bbox 367 1205 519 1286; x_wconf 85' lang='lat' dir='ltr'>adhiberi</span> <span class='ocrx_word' id='word_1_63' title='bbox 545 1225 625 1289; x_wconf 92' lang='lat' dir='ltr'>opus</span> <span class='ocrx_word' id='word_1_64' title='bbox 650 1211 707 1270; x_wconf 87' lang='lat' dir='ltr'>est.</span> <span class='ocrx_word' id='word_1_65' title='bbox 753 1208 807 1271; x_wconf 90' lang='lat' dir='ltr'>Ad</span> <span class='ocrx_word' id='word_1_66' title='bbox 830 1208 1005 1270; x_wconf 91' lang='lat' dir='ltr'>veritatem</span> <span class='ocrx_word' id='word_1_67' title='bbox 1027 1207 1177 1290; x_wconf 89' lang='lat' dir='ltr'>proxime</span> <span class='ocrx_word' id='word_1_68' title='bbox 1203 1206 1383 1268; x_wconf 85' lang='lat' dir='ltr'>accessisse</span> 
     </span>
    </p>
   </div>
   <div class='ocr_carea' id='block_1_2' title="bbox 213 1308 1382 1396">
    <p class='ocr_par' dir='ltr' id='par_1_2' title="bbox 213 1308 1382 1396">
     <span class='ocr_line' id='line_1_9' title="bbox 213 1308 1382 1396; baseline -0.001 -22"><span class='ocrx_word' id='word_1_69' title='bbox 213 1311 347 1376; x_wconf 84' lang='lat' dir='ltr'>videtur</span> <span class='ocrx_word' id='word_1_70' title='bbox 362 1308 586 1393; x_wconf 63' lang='lat' dir='ltr'>Layardmsb,</span> <span class='ocrx_word' id='word_1_71' title='bbox 601 1315 653 1376; x_wconf 88' lang='lat' dir='ltr'>vir</span> <span class='ocrx_word' id='word_1_72' title='bbox 664 1315 899 1394; x_wconf 89' lang='lat' dir='ltr'>Assyricarum</span> <span class='ocrx_word' id='word_1_73' title='bbox 914 1329 1027 1378; x_wconf 88' lang='lat' dir='ltr'>rerum</span> <span class='ocrx_word' id='word_1_74' title='bbox 1041 1313 1275 1396; x_wconf 88' lang='lat' dir='ltr'>peritissimus,</span> <span class='ocrx_word' id='word_1_75' title='bbox 1294 1313 1352 1392; x_wconf 90' lang='lat' dir='ltr'>qui</span> <span class='ocrx_word' id='word_1_76' title='bbox 1367 1329 1382 1373; x_wconf 92' lang='lat' dir='ltr'>e</span> 
     </span>
    </p>
   </div>
   <div class='ocr_carea' id='block_1_3' title="bbox 211 1409 1387 3531">
    <p class='ocr_par' dir='ltr' id='par_1_3' title="bbox 211 1409 1387 3531">
     <span class='ocr_line' id='line_1_10' title="bbox 214 1409 1382 1504; baseline -0.002 -22"><span class='ocrx_word' id='word_1_77' title='bbox 214 1419 329 1502; x_wconf 88' lang='lat' dir='ltr'>lingua</span> <span class='ocrx_word' id='word_1_78' title='bbox 352 1418 489 1483; x_wconf 91' lang='lat' dir='ltr'>Persica</span> <span class='ocrx_word' id='word_1_79' title='bbox 511 1438 632 1483; x_wconf 90' lang='lat' dir='ltr'>nomen</span> <span class='ocrx_word' id='word_1_80' title='bbox 655 1419 794 1484; x_wconf 80' lang='lat' dir='ltr'>fluxisse</span> <span class='ocrx_word' id='word_1_81' title='bbox 817 1425 908 1485; x_wconf 85' lang='lat' dir='ltr'>ratus</span> <span class='ocrx_word' id='word_1_82' title='bbox 936 1421 1208 1504; x_wconf 80' lang='lat' dir='ltr'>compositionem</span> <span class='ocrx_word' id='word_1_83' title='bbox 1231 1437 1276 1482; x_wconf 79' lang='lat' dir='ltr'>ex</span> <span class='ocrx_word' id='word_1_84' title='bbox 1294 1409 1382 1481; x_wconf 83' lang='lat' dir='ltr'>‘arta&#39;</span> 
     </span>
     <span class='ocr_line' id='line_1_11' title="bbox 215 1516 1384 1610; baseline -0.002 -21"><span class='ocrx_word' id='word_1_85' title='bbox 215 1529 248 1589; x_wconf 92' lang='lat' dir='ltr'>et</span> <span class='ocrx_word' id='word_1_86' title='bbox 280 1516 365 1590; x_wconf 84' lang='lat' dir='ltr'>‘mis&#39;</span> <span class='ocrx_word' id='word_1_87' title='bbox 397 1528 527 1608; x_wconf 77' lang='lat' dir='ltr'>statuit,</span> <span class='ocrx_word' id='word_1_88' title='bbox 563 1546 648 1607; x_wconf 91' lang='lat' dir='ltr'>quae</span> <span class='ocrx_word' id='word_1_89' title='bbox 680 1527 784 1591; x_wconf 88' lang='lat' dir='ltr'>verba</span> <span class='ocrx_word' id='word_1_90' title='bbox 816 1528 1004 1610; x_wconf 90' lang='lat' dir='ltr'>significare</span> <span class='ocrx_word' id='word_1_91' title='bbox 1032 1521 1200 1610; x_wconf 87' lang='lat' dir='ltr'>‘magnam</span> <span class='ocrx_word' id='word_1_92' title='bbox 1227 1519 1384 1588; x_wconf 84' lang='lat' dir='ltr'>matrem’.</span> 
     </span>
     <span class='ocr_line' id='line_1_12' title="bbox 215 1631 1384 1718; baseline -0.001 -23"><span class='ocrx_word' id='word_1_93' title='bbox 215 1632 314 1716; x_wconf 92' lang='lat' dir='ltr'>Apud</span> <span class='ocrx_word' id='word_1_94' title='bbox 336 1631 456 1697; x_wconf 86' lang='lat' dir='ltr'>Persas</span> <span class='ocrx_word' id='word_1_95' title='bbox 489 1635 578 1696; x_wconf 89' lang='lat' dir='ltr'>enim</span> <span class='ocrx_word' id='word_1_96' title='bbox 606 1653 722 1698; x_wconf 90' lang='lat' dir='ltr'>vocem</span> <span class='ocrx_word' id='word_1_97' title='bbox 752 1639 836 1698; x_wconf 88' lang='lat' dir='ltr'>arta</span> <span class='ocrx_word' id='word_1_98' title='bbox 864 1636 1058 1718; x_wconf 87' lang='lat' dir='ltr'>saepissime</span> <span class='ocrx_word' id='word_1_99' title='bbox 1081 1634 1272 1696; x_wconf 83' lang='lat' dir='ltr'>invenimus</span> <span class='ocrx_word' id='word_1_100' title='bbox 1295 1633 1384 1695; x_wconf 88' lang='lat' dir='ltr'>velut</span> 
     </span>
     <span class='ocr_line' id='line_1_13' title="bbox 214 1739 1383 1824; baseline -0.002 -21"><span class='ocrx_word' id='word_1_101' title='bbox 214 1741 250 1804; x_wconf 89' lang='lat' dir='ltr'>in</span> <span class='ocrx_word' id='word_1_102' title='bbox 279 1740 471 1804; x_wconf 87' lang='lat' dir='ltr'>nominibus</span> <span class='ocrx_word' id='word_1_103' title='bbox 499 1741 642 1824; x_wconf 90' lang='lat' dir='ltr'>propriis</span> <span class='ocrx_word' id='word_1_104' title='bbox 669 1741 912 1824; x_wconf 88' lang='lat' dir='ltr'>Artaphernes,</span> <span class='ocrx_word' id='word_1_105' title='bbox 940 1741 1137 1820; x_wconf 82' lang='lat' dir='ltr'>Artabazus,</span> <span class='ocrx_word' id='word_1_106' title='bbox 1168 1739 1383 1818; x_wconf 78' lang='lat' dir='ltr'>Artaxerxes,</span> 
     </span>
     <span class='ocr_line' id='line_1_14' title="bbox 213 1844 1383 1929; baseline -0.002 -20"><span class='ocrx_word' id='word_1_107' title='bbox 213 1847 392 1927; x_wconf 86' lang='lat' dir='ltr'>Artaxata,</span> <span class='ocrx_word' id='word_1_108' title='bbox 422 1848 561 1926; x_wconf 89' lang='lat' dir='ltr'>Artaea,</span> <span class='ocrx_word' id='word_1_109' title='bbox 589 1844 750 1929; x_wconf 82' lang='lat' dir='ltr'>Artaei³).</span> <span class='ocrx_word' id='word_1_110' title='bbox 809 1846 900 1923; x_wconf 76' lang='lat' dir='ltr'>Quae</span> <span class='ocrx_word' id='word_1_111' title='bbox 930 1867 1009 1911; x_wconf 91' lang='lat' dir='ltr'>vero</span> <span class='ocrx_word' id='word_1_112' title='bbox 1037 1848 1128 1910; x_wconf 88' lang='lat' dir='ltr'>notio</span> <span class='ocrx_word' id='word_1_113' title='bbox 1156 1845 1260 1908; x_wconf 88' lang='lat' dir='ltr'>fuerit</span> <span class='ocrx_word' id='word_1_114' title='bbox 1290 1846 1383 1908; x_wconf 89' lang='lat' dir='ltr'>huius</span> 
     </span>
     <span class='ocr_line' id='line_1_15' title="bbox 214 1951 1383 2037; baseline 0.002 -25"><span class='ocrx_word' id='word_1_115' title='bbox 214 1951 377 2034; x_wconf 87' lang='lat' dir='ltr'>vocabuli,</span> <span class='ocrx_word' id='word_1_116' title='bbox 394 1952 495 2016; x_wconf 84' lang='lat' dir='ltr'>facile</span> <span class='ocrx_word' id='word_1_117' title='bbox 509 1971 624 2017; x_wconf 90' lang='lat' dir='ltr'>eruere</span> <span class='ocrx_word' id='word_1_118' title='bbox 637 1972 826 2037; x_wconf 90' lang='lat' dir='ltr'>possumus:</span> <span class='ocrx_word' id='word_1_119' title='bbox 852 1959 936 2018; x_wconf 89' lang='lat' dir='ltr'>arta-</span> <span class='ocrx_word' id='word_1_120' title='bbox 948 1953 1035 2017; x_wconf 84' lang='lat' dir='ltr'>afixa</span> <span class='ocrx_word' id='word_1_121' title='bbox 1046 1957 1096 2016; x_wconf 88' lang='lat' dir='ltr'>·ta</span> <span class='ocrx_word' id='word_1_122' title='bbox 1107 1953 1383 2016; x_wconf 86' lang='lat' dir='ltr'>determinatione</span> 
     </span>
     <span class='ocr_line' id='line_1_16' title="bbox 215 2057 1385 2143; baseline 0 -23"><span class='ocrx_word' id='word_1_123' title='bbox 215 2058 256 2120; x_wconf 93' lang='lat' dir='ltr'>ad</span> <span class='ocrx_word' id='word_1_124' title='bbox 284 2059 351 2122; x_wconf 91' lang='lat' dir='ltr'>rad.</span> <span class='ocrx_word' id='word_1_125' title='bbox 377 2079 448 2141; x_wconf 90' lang='lat' dir='ltr'>ar·,</span> <span class='ocrx_word' id='word_1_126' title='bbox 478 2079 562 2142; x_wconf 90' lang='lat' dir='ltr'>quae</span> <span class='ocrx_word' id='word_1_127' title='bbox 593 2061 816 2143; x_wconf 85' lang='lat' dir='ltr'>compluribus</span> <span class='ocrx_word' id='word_1_128' title='bbox 845 2061 1035 2125; x_wconf 91' lang='lat' dir='ltr'>notionibus</span> <span class='ocrx_word' id='word_1_129' title='bbox 1065 2061 1254 2122; x_wconf 89' lang='lat' dir='ltr'>continetur</span> <span class='ocrx_word' id='word_1_130' title='bbox 1284 2057 1385 2138; x_wconf 89' lang='lat' dir='ltr'>(velut</span> 
     </span>
     <span class='ocr_line' id='line_1_17' title="bbox 213 2158 1386 2249; baseline -0.001 -21"><span class='ocrx_word' id='word_1_131' title='bbox 213 2170 341 2248; x_wconf 88' lang='lat' dir='ltr'>aptare:</span> <span class='ocrx_word' id='word_1_132' title='bbox 365 2158 560 2244; x_wconf 71' lang='lat' dir='ltr'>cip-apicum</span> <span class='ocrx_word' id='word_1_133' title='bbox 585 2172 619 2231; x_wconf 88' lang='lat' dir='ltr'>et</span> <span class='ocrx_word' id='word_1_134' title='bbox 639 2187 787 2232; x_wconf 90' lang='lat' dir='ltr'>movere:</span> <span class='ocrx_word' id='word_1_135' title='bbox 812 2161 964 2249; x_wconf 77' lang='grc' dir='ltr'><strong><em>ὅρ-νυμι),</em></strong></span> <span class='ocrx_word' id='word_1_136' title='bbox 987 2166 1199 2231; x_wconf 86' lang='lat' dir='ltr'>referendum</span> <span class='ocrx_word' id='word_1_137' title='bbox 1217 2168 1277 2246; x_wconf 89' lang='lat' dir='ltr'>est,</span> <span class='ocrx_word' id='word_1_138' title='bbox 1300 2163 1386 2245; x_wconf 91' lang='lat' dir='ltr'>quod</span> 
     </span>
     <span class='ocr_line' id='line_1_18' title="bbox 213 2263 1385 2354; baseline -0.001 -20"><span class='ocrx_word' id='word_1_139' title='bbox 213 2271 415 2335; x_wconf 89' lang='lat' dir='ltr'>adiectivum</span> <span class='ocrx_word' id='word_1_140' title='bbox 428 2272 515 2354; x_wconf 92' lang='lat' dir='ltr'>apud</span> <span class='ocrx_word' id='word_1_141' title='bbox 526 2272 646 2338; x_wconf 88' lang='lat' dir='ltr'>Persas</span> <span class='ocrx_word' id='word_1_142' title='bbox 658 2277 827 2338; x_wconf 86' lang='lat' dir='ltr'>notionem</span> <span class='ocrx_word' id='word_1_143' title='bbox 837 2265 987 2338; x_wconf 81' lang='lat' dir='ltr'>‘excelsi’</span> <span class='ocrx_word' id='word_1_144' title='bbox 1000 2275 1055 2338; x_wconf 89' lang='lat' dir='ltr'>vel</span> <span class='ocrx_word' id='word_1_145' title='bbox 1070 2263 1187 2336; x_wconf 86' lang='lat' dir='ltr'>‘fortis&#39;</span> <span class='ocrx_word' id='word_1_146' title='bbox 1202 2267 1385 2350; x_wconf 71' lang='lat' dir='ltr'>habebat4).</span> 
     </span>
     <span class='ocr_line' id='line_1_19' title="bbox 213 2375 1385 2463; baseline 0 -23"><span class='ocrx_word' id='word_1_147' title='bbox 213 2375 305 2452; x_wconf 80' lang='lat' dir='ltr'>Quod</span> <span class='ocrx_word' id='word_1_148' title='bbox 339 2378 379 2441; x_wconf 93' lang='lat' dir='ltr'>ad</span> <span class='ocrx_word' id='word_1_149' title='bbox 410 2378 573 2458; x_wconf 90' lang='lat' dir='ltr'>reliquam</span> <span class='ocrx_word' id='word_1_150' title='bbox 600 2381 744 2444; x_wconf 89' lang='lat' dir='ltr'>nominis</span> <span class='ocrx_word' id='word_1_151' title='bbox 774 2384 902 2463; x_wconf 88' lang='lat' dir='ltr'>partem</span> <span class='ocrx_word' id='word_1_152' title='bbox 933 2381 1064 2460; x_wconf 88' lang='lat' dir='ltr'>attinet,</span> <span class='ocrx_word' id='word_1_153' title='bbox 1094 2379 1240 2442; x_wconf 90' lang='lat' dir='ltr'>dubitari</span> <span class='ocrx_word' id='word_1_154' title='bbox 1267 2381 1385 2461; x_wconf 88' lang='lat' dir='ltr'>potest,</span> 
     </span>
     <span class='ocr_line' id='line_1_20' title="bbox 215 2476 1387 2570; baseline 0.003 -25"><span class='ocrx_word' id='word_1_155' title='bbox 215 2488 327 2546; x_wconf 89' lang='lat' dir='ltr'>utrum</span> <span class='ocrx_word' id='word_1_156' title='bbox 361 2484 671 2550; x_wconf 89' lang='lat' dir='ltr'>determinationem</span> <span class='ocrx_word' id='word_1_157' title='bbox 705 2505 935 2570; x_wconf 85' lang='lat' dir='ltr'>agnoscamus,</span> <span class='ocrx_word' id='word_1_158' title='bbox 972 2488 1103 2570; x_wconf 89' lang='lat' dir='ltr'>qualem</span> <span class='ocrx_word' id='word_1_159' title='bbox 1135 2488 1170 2548; x_wconf 88' lang='lat' dir='ltr'>in</span> <span class='ocrx_word' id='word_1_160' title='bbox 1205 2476 1387 2564; x_wconf 77' lang='grc' dir='ltr'><em>Θέ-μιδ-ος</em></span> 
     </span>
     <span class='ocr_line' id='line_1_21' title="bbox 213 2584 1386 2674; baseline 0.001 -22"><span class='ocrx_word' id='word_1_161' title='bbox 213 2592 347 2654; x_wconf 88' lang='lat' dir='ltr'>nomine</span> <span class='ocrx_word' id='word_1_162' title='bbox 370 2591 488 2674; x_wconf 90' lang='lat' dir='ltr'>habes,</span> <span class='ocrx_word' id='word_1_163' title='bbox 513 2612 554 2656; x_wconf 93' lang='lat' dir='ltr'>an</span> <span class='ocrx_word' id='word_1_164' title='bbox 577 2612 651 2657; x_wconf 90' lang='lat' dir='ltr'>cum</span> <span class='ocrx_word' id='word_1_165' title='bbox 674 2593 837 2674; x_wconf 86' lang='lat' dir='ltr'>Layardio</span> <span class='ocrx_word' id='word_1_166' title='bbox 861 2584 1022 2658; x_wconf 82' lang='lat' dir='ltr'>‘matrem&#39;</span> <span class='ocrx_word' id='word_1_167' title='bbox 1052 2593 1121 2656; x_wconf 90' lang='lat' dir='ltr'>illis</span> <span class='ocrx_word' id='word_1_168' title='bbox 1142 2593 1263 2656; x_wconf 87' lang='lat' dir='ltr'>litteris</span> <span class='ocrx_word' id='word_1_169' title='bbox 1286 2593 1386 2674; x_wconf 87' lang='lat' dir='ltr'>signi-</span> 
     </span>
     <span class='ocr_line' id='line_1_22' title="bbox 212 2697 1385 2785; baseline 0 -23"><span class='ocrx_word' id='word_1_170' title='bbox 212 2697 306 2762; x_wconf 86' lang='lat' dir='ltr'>ficari</span> <span class='ocrx_word' id='word_1_171' title='bbox 329 2702 433 2781; x_wconf 86' lang='lat' dir='ltr'>putes.</span> <span class='ocrx_word' id='word_1_172' title='bbox 479 2700 525 2762; x_wconf 87' lang='lat' dir='ltr'>At</span> <span class='ocrx_word' id='word_1_173' title='bbox 553 2700 614 2764; x_wconf 93' lang='lat' dir='ltr'>hoc</span> <span class='ocrx_word' id='word_1_174' title='bbox 643 2702 777 2781; x_wconf 88' lang='lat' dir='ltr'>quidem</span> <span class='ocrx_word' id='word_1_175' title='bbox 798 2703 908 2765; x_wconf 89' lang='lat' dir='ltr'>minus</span> <span class='ocrx_word' id='word_1_176' title='bbox 934 2701 1108 2785; x_wconf 88' lang='lat' dir='ltr'>probabile</span> <span class='ocrx_word' id='word_1_177' title='bbox 1132 2699 1281 2778; x_wconf 86' lang='lat' dir='ltr'>videtur,</span> <span class='ocrx_word' id='word_1_178' title='bbox 1312 2719 1385 2762; x_wconf 91' lang='lat' dir='ltr'>cum</span> 
     </span>
     <span class='ocr_line' id='line_1_23' title="bbox 212 2804 1386 2890; baseline 0 -22"><span class='ocrx_word' id='word_1_179' title='bbox 212 2807 247 2868; x_wconf 89' lang='lat' dir='ltr'>in</span> <span class='ocrx_word' id='word_1_180' title='bbox 280 2805 341 2868; x_wconf 89' lang='lat' dir='ltr'>illa</span> <span class='ocrx_word' id='word_1_181' title='bbox 370 2804 557 2888; x_wconf 90' lang='lat' dir='ltr'>Indogerm.</span> <span class='ocrx_word' id='word_1_182' title='bbox 584 2807 651 2871; x_wconf 91' lang='lat' dir='ltr'>rad.</span> <span class='ocrx_word' id='word_1_183' title='bbox 685 2812 769 2872; x_wconf 88' lang='lat' dir='ltr'>matr</span> <span class='ocrx_word' id='word_1_184' title='bbox 801 2828 820 2872; x_wconf 90' lang='lat' dir='ltr'>a</span> <span class='ocrx_word' id='word_1_185' title='bbox 852 2809 950 2890; x_wconf 89' lang='lat' dir='ltr'>longa</span> <span class='ocrx_word' id='word_1_186' title='bbox 988 2811 1183 2871; x_wconf 90' lang='lat' dir='ltr'>conservata</span> <span class='ocrx_word' id='word_1_187' title='bbox 1216 2807 1267 2870; x_wconf 88' lang='lat' dir='ltr'>sit.</span> <span class='ocrx_word' id='word_1_188' title='bbox 1316 2804 1386 2880; x_wconf 80' lang='lat' dir='ltr'>Qua</span> 
     </span>
     <span class='ocr_line' id='line_1_24' title="bbox 214 2912 1386 2996; baseline -0.001 -21"><span class='ocrx_word' id='word_1_189' title='bbox 214 2912 254 2976; x_wconf 89' lang='lat' dir='ltr'>de</span> <span class='ocrx_word' id='word_1_190' title='bbox 288 2931 388 2976; x_wconf 87' lang='lat' dir='ltr'>causa</span> <span class='ocrx_word' id='word_1_191' title='bbox 416 2913 727 2978; x_wconf 89' lang='lat' dir='ltr'>determinationem</span> <span class='ocrx_word' id='word_1_192' title='bbox 755 2917 901 2978; x_wconf 90' lang='lat' dir='ltr'>statuere</span> <span class='ocrx_word' id='word_1_193' title='bbox 924 2914 1053 2993; x_wconf 85' lang='lat' dir='ltr'>malim,</span> <span class='ocrx_word' id='word_1_194' title='bbox 1085 2913 1282 2996; x_wconf 86' lang='lat' dir='ltr'>praesertim</span> <span class='ocrx_word' id='word_1_195' title='bbox 1311 2931 1386 2974; x_wconf 90' lang='lat' dir='ltr'>cum</span> 
     </span>
     <span class='ocr_line' id='line_1_25' title="bbox 212 3019 1385 3106; baseline 0.001 -24"><span class='ocrx_word' id='word_1_196' title='bbox 212 3020 346 3082; x_wconf 88' lang='lat' dir='ltr'>nomina</span> <span class='ocrx_word' id='word_1_197' title='bbox 370 3020 486 3084; x_wconf 89' lang='lat' dir='ltr'>eodem</span> <span class='ocrx_word' id='word_1_198' title='bbox 509 3042 532 3100; x_wconf 85' lang='grc' dir='ltr'><em>μ</em></span> <span class='ocrx_word' id='word_1_199' title='bbox 556 3021 758 3086; x_wconf 86' lang='lat' dir='ltr'>conformata</span> <span class='ocrx_word' id='word_1_200' title='bbox 787 3020 873 3106; x_wconf 89' lang='lat' dir='ltr'>apud</span> <span class='ocrx_word' id='word_1_201' title='bbox 895 3021 1015 3088; x_wconf 88' lang='lat' dir='ltr'>Persas</span> <span class='ocrx_word' id='word_1_202' title='bbox 1039 3021 1143 3083; x_wconf 87' lang='lat' dir='ltr'>multa</span> <span class='ocrx_word' id='word_1_203' title='bbox 1166 3019 1385 3101; x_wconf 89' lang='lat' dir='ltr'>reperiantur,</span> 
     </span>
     <span class='ocr_line' id='line_1_26' title="bbox 212 3118 1385 3213; baseline 0.003 -27"><span class='ocrx_word' id='word_1_204' title='bbox 212 3126 305 3187; x_wconf 91' lang='lat' dir='ltr'>velut</span> <span class='ocrx_word' id='word_1_205' title='bbox 327 3118 494 3205; x_wconf 82' lang='grc' dir='ltr'><strong><em>Ἀρτάμης,</em></strong></span> <span class='ocrx_word' id='word_1_206' title='bbox 512 3119 700 3209; x_wconf 79' lang='grc' dir='ltr'><strong><em>Ἀρτάμνης,</em></strong></span> <span class='ocrx_word' id='word_1_207' title='bbox 714 3123 869 3209; x_wconf 76' lang='grc' dir='ltr'>’Ἀρταμις</span> <span class='ocrx_word' id='word_1_208' title='bbox 891 3130 1015 3213; x_wconf 87' lang='lat' dir='ltr'>ipsum,</span> <span class='ocrx_word' id='word_1_209' title='bbox 1045 3125 1215 3190; x_wconf 87' lang='lat' dir='ltr'>Bactriani</span> <span class='ocrx_word' id='word_1_210' title='bbox 1237 3123 1385 3189; x_wconf 84' lang='lat' dir='ltr'>fluminis</span> 
     </span>
     <span class='ocr_line' id='line_1_27' title="bbox 213 3230 1386 3315; baseline 0.001 -21"><span class='ocrx_word' id='word_1_211' title='bbox 213 3249 342 3295; x_wconf 92' lang='lat' dir='ltr'>nomen.</span> <span class='ocrx_word' id='word_1_212' title='bbox 398 3230 551 3311; x_wconf 89' lang='lat' dir='ltr'>Denique</span> <span class='ocrx_word' id='word_1_213' title='bbox 584 3233 774 3315; x_wconf 86' lang='lat' dir='ltr'>Artimpasa</span> <span class='ocrx_word' id='word_1_214' title='bbox 807 3253 882 3298; x_wconf 92' lang='lat' dir='ltr'>cum</span> <span class='ocrx_word' id='word_1_215' title='bbox 914 3235 1029 3298; x_wconf 88' lang='lat' dir='ltr'>matris</span> <span class='ocrx_word' id='word_1_216' title='bbox 1065 3251 1186 3297; x_wconf 89' lang='lat' dir='ltr'>nomen</span> <span class='ocrx_word' id='word_1_217' title='bbox 1217 3233 1253 3294; x_wconf 93' lang='lat' dir='ltr'>in</span> <span class='ocrx_word' id='word_1_218' title='bbox 1285 3251 1386 3295; x_wconf 91' lang='lat' dir='ltr'>unam</span> 
     </span>
     <span class='ocr_line' id='line_1_28' title="bbox 214 3338 1385 3423; baseline -0.002 -21"><span class='ocrx_word' id='word_1_219' title='bbox 214 3339 360 3402; x_wconf 90' lang='lat' dir='ltr'>litteram</span> <span class='ocrx_word' id='word_1_220' title='bbox 392 3357 426 3400; x_wconf 88' lang='lat' dir='ltr'>m</span> <span class='ocrx_word' id='word_1_221' title='bbox 458 3338 579 3420; x_wconf 90' lang='lat' dir='ltr'>corripi</span> <span class='ocrx_word' id='word_1_222' title='bbox 606 3356 704 3420; x_wconf 90' lang='lat' dir='ltr'>posse</span> <span class='ocrx_word' id='word_1_223' title='bbox 732 3357 866 3422; x_wconf 88' lang='lat' dir='ltr'>negem,</span> <span class='ocrx_word' id='word_1_224' title='bbox 903 3341 996 3404; x_wconf 89' lang='lat' dir='ltr'>illius</span> <span class='ocrx_word' id='word_1_225' title='bbox 1032 3339 1249 3423; x_wconf 86' lang='lat' dir='ltr'>explicationi</span> <span class='ocrx_word' id='word_1_226' title='bbox 1283 3339 1385 3402; x_wconf 87' lang='lat' dir='ltr'>obest.</span> 
     </span>
     <span class='ocr_line' id='line_1_29' title="bbox 211 3436 1386 3531; baseline 0 -24"><span class='ocrx_word' id='word_1_227' title='bbox 211 3443 328 3524; x_wconf 88' lang='lat' dir='ltr'>Itaque</span> <span class='ocrx_word' id='word_1_228' title='bbox 353 3436 529 3524; x_wconf 73' lang='grc' dir='ltr'><strong><em>Ἀρτέμιδος</em></strong></span> <span class='ocrx_word' id='word_1_229' title='bbox 565 3446 698 3509; x_wconf 90' lang='lat' dir='ltr'>nomine</span> <span class='ocrx_word' id='word_1_230' title='bbox 727 3450 801 3530; x_wconf 89' lang='lat' dir='ltr'>apte</span> <span class='ocrx_word' id='word_1_231' title='bbox 837 3452 870 3512; x_wconf 86' lang='lat' dir='ltr'>et</span> <span class='ocrx_word' id='word_1_232' title='bbox 904 3448 1102 3531; x_wconf 88' lang='lat' dir='ltr'>simpliciter</span> <span class='ocrx_word' id='word_1_233' title='bbox 1126 3437 1303 3529; x_wconf 81' lang='lat' dir='ltr'>‘magnam&#39;</span> <span class='ocrx_word' id='word_1_234' title='bbox 1331 3445 1386 3510; x_wconf 91' lang='lat' dir='ltr'>vel</span> 
     </span>
    </p>
   </div>
   <div class='ocr_carea' id='block_1_4' title="bbox 212 3691 1196 3815">
    <p class='ocr_par' dir='ltr' id='par_1_4' title="bbox 212 3691 1196 3815">
     <span class='ocr_line' id='line_1_30' title="bbox 212 3691 1196 3815; baseline -0.007 -14"><span class='ocrx_word' id='word_1_235' title='bbox 212 3691 222 3716; x_wconf 37' lang='lat' dir='ltr'><em>f</em></span> <span class='ocrx_word' id='word_1_236' title='bbox 288 3743 308 3812; x_wconf 87' lang='lat'>¹)</span> <span class='ocrx_word' id='word_1_237' title='bbox 327 3744 358 3800; x_wconf 84' lang='lat' dir='ltr'>E.</span> <span class='ocrx_word' id='word_1_238' title='bbox 377 3743 517 3799; x_wconf 84' lang='lat' dir='ltr'>Curtius</span> <span class='ocrx_word' id='word_1_239' title='bbox 536 3742 554 3797; x_wconf 92' lang='lat'>1.</span> <span class='ocrx_word' id='word_1_240' title='bbox 574 3743 592 3796; x_wconf 93' lang='lat' dir='ltr'>l.</span> <span class='ocrx_word' id='word_1_241' title='bbox 612 3761 640 3812; x_wconf 93' lang='lat' dir='ltr'>p.</span> <span class='ocrx_word' id='word_1_242' title='bbox 659 3740 687 3806; x_wconf 84' lang='lat'>8;</span> <span class='ocrx_word' id='word_1_243' title='bbox 707 3741 778 3797; x_wconf 88' lang='lat' dir='ltr'>Joh.</span> <span class='ocrx_word' id='word_1_244' title='bbox 797 3741 961 3808; x_wconf 85' lang='lat' dir='ltr'>Schmidt,</span> <span class='ocrx_word' id='word_1_245' title='bbox 980 3743 999 3797; x_wconf 93' lang='lat' dir='ltr'>l.</span> <span class='ocrx_word' id='word_1_246' title='bbox 1018 3745 1037 3799; x_wconf 95' lang='lat' dir='ltr'>l.</span> <span class='ocrx_word' id='word_1_247' title='bbox 1055 3762 1083 3815; x_wconf 88' lang='lat' dir='ltr'>p.</span> <span class='ocrx_word' id='word_1_248' title='bbox 1102 3743 1135 3799; x_wconf 81' lang='lat'>21</span> <span class='ocrx_word' id='word_1_249' title='bbox 1155 3761 1196 3813; x_wconf 79' lang='lat' dir='ltr'>sq.</span> 
     </span>
    </p>
   </div>
   <div class='ocr_carea' id='block_1_5' title="bbox 211 3849 1386 4010">
    <p class='ocr_par' dir='ltr' id='par_1_5' title="bbox 211 3849 1386 4010">
     <span class='ocr_line' id='line_1_31' title="bbox 288 3849 1386 3922; baseline 0.004 -16"><span class='ocrx_word' id='word_1_250' title='bbox 288 3849 308 3922; x_wconf 86' lang='lat'>²)</span> <span class='ocrx_word' id='word_1_251' title='bbox 328 3851 502 3906; x_wconf 87' lang='lat' dir='ltr'>Recherches</span> <span class='ocrx_word' id='word_1_252' title='bbox 519 3868 565 3906; x_wconf 86' lang='lat' dir='ltr'>sur</span> <span class='ocrx_word' id='word_1_253' title='bbox 583 3851 611 3906; x_wconf 91' lang='lat' dir='ltr'>le</span> <span class='ocrx_word' id='word_1_254' title='bbox 631 3851 688 3905; x_wconf 87' lang='lat' dir='ltr'>cult</span> <span class='ocrx_word' id='word_1_255' title='bbox 707 3850 741 3904; x_wconf 92' lang='lat' dir='ltr'>de</span> <span class='ocrx_word' id='word_1_256' title='bbox 754 3849 856 3917; x_wconf 77' lang='lat' dir='ltr'>Venus,</span> <span class='ocrx_word' id='word_1_257' title='bbox 874 3868 902 3920; x_wconf 89' lang='lat' dir='ltr'>p.</span> <span class='ocrx_word' id='word_1_258' title='bbox 916 3849 976 3918; x_wconf 81' lang='lat'>107,</span> <span class='ocrx_word' id='word_1_259' title='bbox 995 3868 1077 3920; x_wconf 89' lang='lat' dir='ltr'>quem</span> <span class='ocrx_word' id='word_1_260' title='bbox 1090 3851 1193 3907; x_wconf 86' lang='lat' dir='ltr'>librum</span> <span class='ocrx_word' id='word_1_261' title='bbox 1206 3853 1287 3908; x_wconf 90' lang='lat' dir='ltr'>doleo</span> <span class='ocrx_word' id='word_1_262' title='bbox 1299 3854 1386 3910; x_wconf 87' lang='lat' dir='ltr'>intro·</span> 
     </span>
     <span class='ocr_line' id='line_1_32' title="bbox 211 3940 605 4010; baseline -0.005 -14"><span class='ocrx_word' id='word_1_263' title='bbox 211 3941 316 4010; x_wconf 87' lang='lat' dir='ltr'>spicere</span> <span class='ocrx_word' id='word_1_264' title='bbox 335 3957 380 3995; x_wconf 91' lang='lat' dir='ltr'>me</span> <span class='ocrx_word' id='word_1_265' title='bbox 400 3956 458 3995; x_wconf 88' lang='lat' dir='ltr'>non</span> <span class='ocrx_word' id='word_1_266' title='bbox 475 3940 605 4009; x_wconf 85' lang='lat' dir='ltr'>potuisse.</span> 
     </span>
    </p>
   </div>
   <div class='ocr_carea' id='block_1_6' title="bbox 176 4039 1389 4488">
    <p class='ocr_par' dir='ltr' id='par_1_6' title="bbox 176 4039 1389 4488">
     <span class='ocr_line' id='line_1_33' title="bbox 215 4039 1387 4116; baseline 0.001 -15"><span class='ocrx_word' id='word_1_267' title='bbox 215 4065 217 4074; x_wconf 75' lang='grc'>’</span> <span class='ocrx_word' id='word_1_268' title='bbox 285 4045 306 4110; x_wconf 75' lang='lat'>³)</span> <span class='ocrx_word' id='word_1_269' title='bbox 326 4047 360 4101; x_wconf 89' lang='lat' dir='ltr'>cf.</span> <span class='ocrx_word' id='word_1_270' title='bbox 379 4047 474 4116; x_wconf 82' lang='lat' dir='ltr'>Steph.</span> <span class='ocrx_word' id='word_1_271' title='bbox 493 4047 557 4116; x_wconf 80' lang='lat' dir='ltr'>Byr.</span> <span class='ocrx_word' id='word_1_272' title='bbox 575 4065 596 4101; x_wconf 88' lang='lat' dir='ltr'>s.</span> <span class='ocrx_word' id='word_1_273' title='bbox 614 4065 640 4101; x_wconf 90' lang='lat' dir='ltr'>v.</span> <span class='ocrx_word' id='word_1_274' title='bbox 663 4039 784 4112; x_wconf 75' lang='grc' dir='ltr'>Ἀρταίαε</span> <span class='ocrx_word' id='word_1_275' title='bbox 804 4039 948 4114; x_wconf 77' lang='grc' dir='ltr'><strong><em>Ἀρταίους</em></strong></span> <span class='ocrx_word' id='word_1_276' title='bbox 967 4042 1079 4116; x_wconf 77' lang='grc' dir='ltr'><em>Πέρσαι,</em></span> <span class='ocrx_word' id='word_1_277' title='bbox 1106 4041 1195 4114; x_wconf 76' lang='grc' dir='ltr'><strong><em>ὥσπερ</em></strong></span> <span class='ocrx_word' id='word_1_278' title='bbox 1222 4040 1387 4116; x_wconf 50' lang='lat' dir='ltr'>othmaros</span> 
     </span>
     <span class='ocr_line' id='line_1_34' title="bbox 211 4127 1389 4204; baseline 0.001 -16"><span class='ocrx_word' id='word_1_279' title='bbox 211 4131 276 4196; x_wconf 74' lang='grc' dir='ltr'>τούς</span> <span class='ocrx_word' id='word_1_280' title='bbox 299 4130 434 4194; x_wconf 70' lang='lat' dir='ltr'>metatoris</span> <span class='ocrx_word' id='word_1_281' title='bbox 451 4131 620 4204; x_wconf 68' lang='grc' dir='ltr'><strong><em>ἀνθρώπους</em></strong></span> <span class='ocrx_word' id='word_1_282' title='bbox 637 4127 730 4202; x_wconf 80' lang='grc' dir='ltr'><strong><em>ἥρωας</em></strong></span> <span class='ocrx_word' id='word_1_283' title='bbox 746 4134 867 4187; x_wconf 75' lang='grc' dir='ltr'><strong><em>καλοῦσι.</em></strong></span> <span class='ocrx_word' id='word_1_284' title='bbox 895 4133 966 4202; x_wconf 77' lang='grc' dir='ltr'><strong><em>τάχα</em></strong></span> <span class='ocrx_word' id='word_1_285' title='bbox 989 4131 1018 4187; x_wconf 72' lang='grc' dir='ltr'>δὲ</span> <span class='ocrx_word' id='word_1_286' title='bbox 1041 4133 1087 4188; x_wconf 77' lang='grc' dir='ltr'>καὶ</span> <span class='ocrx_word' id='word_1_287' title='bbox 1105 4131 1231 4189; x_wconf 75' lang='grc' dir='ltr'>ἐντεῦθέν</span> <span class='ocrx_word' id='word_1_288' title='bbox 1247 4153 1295 4203; x_wconf 82' lang='grc' dir='ltr'>μοι</span> <span class='ocrx_word' id='word_1_289' title='bbox 1313 4135 1389 4189; x_wconf 78' lang='grc' dir='ltr'><strong><em>δοκεῖ</em></strong></span> 
     </span>
     <span class='ocr_line' id='line_1_35' title="bbox 208 4215 959 4292; baseline 0.005 -18"><span class='ocrx_word' id='word_1_290' title='bbox 208 4217 379 4290; x_wconf 75' lang='grc' dir='ltr'><strong><em>Ἀρταξέρξαι</em></strong></span> <span class='ocrx_word' id='word_1_291' title='bbox 397 4220 444 4275; x_wconf 72' lang='grc' dir='ltr'>καὶ</span> <span class='ocrx_word' id='word_1_292' title='bbox 460 4216 625 4292; x_wconf 77' lang='grc' dir='ltr'><strong><em>Ἆρταβάζοι.</em></strong></span> <span class='ocrx_word' id='word_1_293' title='bbox 661 4221 726 4278; x_wconf 84' lang='lat' dir='ltr'>Hes.</span> <span class='ocrx_word' id='word_1_294' title='bbox 745 4239 766 4277; x_wconf 79' lang='lat' dir='ltr'>s.</span> <span class='ocrx_word' id='word_1_295' title='bbox 783 4239 809 4277; x_wconf 85' lang='lat' dir='ltr'>v.</span> <span class='ocrx_word' id='word_1_296' title='bbox 826 4215 959 4289; x_wconf 68' lang='lat' dir='ltr'>’Aeacides</span> 
     </span>
     <span class='ocr_line' id='line_1_36' title="bbox 285 4325 1385 4398; baseline -0.002 -14"><span class='ocrx_word' id='word_1_297' title='bbox 285 4325 307 4396; x_wconf 85' lang='lat'>⁴)</span> <span class='ocrx_word' id='word_1_298' title='bbox 328 4328 363 4384; x_wconf 80' lang='lat' dir='ltr'>cl.</span> <span class='ocrx_word' id='word_1_299' title='bbox 388 4328 489 4385; x_wconf 90' lang='lat' dir='ltr'>Herod.</span> <span class='ocrx_word' id='word_1_300' title='bbox 509 4329 574 4395; x_wconf 89' lang='lat' dir='ltr'>VII,</span> <span class='ocrx_word' id='word_1_301' title='bbox 602 4328 635 4384; x_wconf 86' lang='grc'>61</span> <span class='ocrx_word' id='word_1_302' title='bbox 661 4330 690 4383; x_wconf 86' lang='lat' dir='ltr'>et</span> <span class='ocrx_word' id='word_1_303' title='bbox 715 4327 840 4384; x_wconf 75' lang='lat' dir='ltr'>sesinii</span> <span class='ocrx_word' id='word_1_304' title='bbox 865 4331 924 4385; x_wconf 84' lang='lat' dir='ltr'>not.</span> <span class='ocrx_word' id='word_1_305' title='bbox 969 4329 1063 4394; x_wconf 82' lang='lat' dir='ltr'>Pick,</span> <span class='ocrx_word' id='word_1_306' title='bbox 1091 4329 1179 4398; x_wconf 82' lang='lat' dir='ltr'>vergl.</span> <span class='ocrx_word' id='word_1_307' title='bbox 1199 4328 1385 4384; x_wconf 78' lang='lat' dir='ltr'>Wdrterbuch</span> 
     </span>
     <span class='ocr_line' id='line_1_37' title="bbox 176 4418 670 4488; baseline 0 -16"><span class='ocrx_word' id='word_1_308' title='bbox 176 4437 178 4442; x_wconf 94' lang='lat'>·</span> <span class='ocrx_word' id='word_1_309' title='bbox 212 4418 262 4472; x_wconf 90' lang='lat' dir='ltr'>der</span> <span class='ocrx_word' id='word_1_310' title='bbox 279 4418 375 4488; x_wconf 83' lang='lat' dir='ltr'>indog.</span> <span class='ocrx_word' id='word_1_311' title='bbox 395 4418 544 4487; x_wconf 87' lang='lat' dir='ltr'>Sprachen,</span> <span class='ocrx_word' id='word_1_312' title='bbox 562 4436 590 4488; x_wconf 87' lang='lat' dir='ltr'>p.</span> <span class='ocrx_word' id='word_1_313' title='bbox 609 4418 670 4472; x_wconf 78' lang='lat'>233.</span> 
     </span>
    </p>
   </div>
   <div class='ocr_carea' id='block_1_7' title="bbox 0 0 1441 4868">
    <p class='ocr_par' dir='ltr' id='par_1_7' title="bbox 0 0 1441 4868">
     <span class='ocr_line' id='line_1_38' title="bbox 0 0 1441 4868; baseline 0 0"><span class='ocrx_word' id='word_1_314' title='bbox 0 0 1441 4868; x_wconf 95' lang='lat' dir='ltr'> </span> 
     </span>
    </p>
   </div>
  </div>
 </body>
</html>
