2872 4868
625 256 667 318 59

57 467 294 548 quissimorum
331 465 532 531 Graecorum
572 472 718 533 statuere
751 487 925 550 possumus
959 487 1067 550 neque
1101 467 1227 532 Dianae

57 575 186 639 cultum
215 574 398 658 Ephesium
428 576 576 657 aliosque
599 576 767 640 Asiaticos
794 595 814 638 a
837 574 1038 640 Graecorum
1064 575 1229 658 religione

57 681 264 746 dirimendos
293 701 367 746 esse
395 681 550 762 arbitror,
586 701 662 746 cum
683 682 828 750 Asiatici
856 683 1075 762 antiquiorem
1102 679 1228 744 Dianae

57 788 248 854 naturalem
265 790 331 852 vim
346 790 467 853 melius
484 807 697 854 conservasse
713 790 897 871 videantur,
914 807 1012 870 quam
1029 787 1229 852 Graecorum

56 897 202 979 plurimi.
286 965 290 970 Δ

35 985 38 988 ’
146 1003 214 1066 Vel
236 1004 330 1065 ultra
347 1001 508 1066 Graeciae
533 1007 566 1066 et
588 1003 691 1066 Asiae
720 1021 804 1086 quae
833 1003 955 1068 dieitur
982 1004 1118 1068 minoris
1145 1001 1229 1065 fines

56 1110 113 1173 hic
136 1109 266 1173 Dianae
289 1111 449 1173 neutralis
473 1110 555 1174 deae
580 1110 688 1174 cultus
710 1109 846 1194 vigebat
869 1110 1066 1193 frugumque
1090 1110 1176 1173 dena
1199 1110 1231 1172 ei

56 1216 292 1281 offerebantur.
316 1215 458 1281 Thraces
474 1217 688 1299 Paeonesque
704 1218 739 1281 id
756 1218 890 1300 quidem
904 1219 1026 1284 fecisse
1042 1218 1229 1283 Herodotus

57 1323 127 1406 (IV,
152 1324 207 1404 33)
238 1324 382 1410 tradidit,
418 1343 437 1386 a
469 1343 533 1406 quo
568 1324 685 1389 eodem
717 1326 778 1389 illa
812 1325 975 1389 mirabilis
1008 1326 1152 1388 narratio
1188 1323 1228 1387 de

56 1430 353 1514 Hyperboreorum
365 1431 459 1496 donis
471 1430 593 1494 Delum
604 1433 716 1496 missis
729 1433 861 1515 copiose
873 1433 1077 1515 perhibetur.
1102 1431 1229 1496 Dianae

55 1541 202 1623 primum
218 1539 303 1602 haee
318 1538 403 1628 dona
419 1557 513 1602 saera
528 1538 641 1621 irrisae,
657 1558 724 1602 uon
740 1539 890 1623 Apollini
905 1540 982 1603 inde
998 1539 1082 1602 mihi
1098 1538 1230 1602 videtur

57 1664 229 1729 apparere,
263 1644 348 1726 quod
378 1647 506 1728 priores
536 1644 775 1728 Hyperboreae
804 1648 962 1728 virgines,
994 1665 1078 1727 quae
1108 1644 1230 1708 Delum

54 1758 293 1837 pervenerimt
316 1753 407 1835 Arge
432 1757 464 1816 et
488 1750 568 1836 Opis
591 1752 748 1834 Ilithyiae
777 1753 938 1817 tributum
967 1753 1117 1816 attulisse
1142 1751 1231 1815 dice-

55 1857 219 1942 bantur).
264 1857 404 1940 Ilithyia
434 1861 524 1924 enim
555 1859 663 1923 Diana
693 1862 767 1944 ipsa
800 1865 858 1924 est
904 1859 1033 1923 Deinde
1063 1859 1230 1941 virginum

54 1969 193 2032 nomina
216 1967 300 2030 deae
322 1968 427 2050 ipsius
457 1968 651 2050 cognomina
681 1969 754 2031 sine
783 1966 882 2031 dubio
911 1971 1000 2030 sunt:
1029 1966 1229 2049 posteriores

56 2094 147 2156 vero,
171 2073 373 2157 Hyperoche
390 2077 423 2137 et
439 2071 584 2138 Laodice
599 2072 727 2136 Dianae
751 2075 917 2138 antistites
942 2080 1046 2154 eraut,
1070 2091 1171 2154 quare
1194 2073 1230 2134 in

56 2185 131 2248 eius
153 2181 280 2264 templo
302 2185 377 2263 post
399 2184 539 2244 mortem
563 2180 713 2264 sepultae
738 2184 821 2243 sunt.
858 2178 1055 2244 Donavere
1079 2197 1163 2261 quae
1187 2177 1227 2240 ab

53 2289 288 2372 Hyperboreis
321 2289 442 2351 emissa
475 2292 508 2351 et
538 2307 599 2370 per
630 2288 777 2370 singulas
809 2292 925 2370 gentes
957 2286 1080 2352 tradita
1107 2285 1228 2350 Delum

58 2395 325 2480 apportabantur,
350 2395 483 2477 frugum
504 2396 672 2478 primitiae
697 2398 799 2477 erant,
830 2395 943 2475 quales
971 2394 1117 2458 naturali
1145 2393 1227 2456 deae

57 2503 248 2568 sacrificare
268 2497 467 2581 'solebant²).
512 2499 627 2584 Neque
656 2501 742 2584 quod
772 2521 790 2566 e
818 2500 953 2586 Prasiis‚
981 2501 1040 2566 ubi
1062 2501 1229 2584 Apollinis

56 2611 222 2693 templum
240 2612 319 2691 erat,
341 2607 463 2673 Delum
478 2609 598 2674 11616111
615 2614 734 2691 essent,
758 2609 926 2692 Apollinis
942 2629 1036 2674 sacra
1051 2608 1111 2672 illa
1126 2607 1229 2670 fuisse

57 2719 184 2798 credas
219 2715 254 2779 id
284 2716 376 2797 quod
405 2715 588 2780 Pausanias
623 2716 657 2797 (l.
687 2715 719 2796 l.)
755 2716 795 2780 ab
813 2715 993 2780 'Herodoto
1028 2715 1228 2780 dissentiens

30 2873 39 2898 ·.
55 2825 169 2888 tradit.
215 2822 282 2887 Per
312 2819 483 2888 Euboeam
518 2824 663 2886 insulam
694 2826 915 2905 transportata
946 2823 1006 2886 illa
1037 2821 1122 2885 dona
1154 2838 1227 2884 esse

55 2930 278 2996 verisimilius
303 2934 360 2994 est
406 2928 523 3012 Itaque
552 2930 661 2992 minus
684 2929 850 3012 Apollinis
874 2947 972 3010 quam
994 2927 1122 2992 Dianae
1146 2926 1230 2990 anti·

57 3040 257 3120 quissimum
296 3037 421 3100 cultum
457 3037 518 3100 illa
554 3038 742 3100 narratione
777 3035 934 3098 1161116111
969 3053 1042 3098 esse
1075 3029 1229 3117 putem3).

58 3145 275 3228 Hyperborei
295 3162 374 3207 vero
398 3144 576 3208 orientales
600 3145 684 3208 mihi
698 3143 854 3206 videntur
876 3145 992 3225 gentes
1015 3141 1130 3223 fuisse,
1155 3159 1229 3204 cum

57 3251 213 3334 Sinopen,
231 3269 294 3332 quo
306 3270 326 3313 a
338 3249 470 3331 Scythis
487 3247 722 3314 deferebantur
738 3250 832 3332 dona,
845 3254 879 3313 et
892 3267 935 3313 ex
947 3248 1228 3333 septentrionibus

57 3363 94 3423 61
125 3377 169 3422 ex
201 3359 328 3423 oriente
360 3357 469 3422 aditus
501 3362 639 3441 pateret.
686 3357 783 3422 Certe
810 3355 981 3422 Welclreri
1012 3352 1082 3442 (Th.
1107 3355 1167 3420 Gr·
1184 3354 1229 3437 H,

54 3485 90 3550 p.
116 3466 181 3528 352
205 3463 285 3546 sqq.)
317 3465 359 3529 de
388 3464 510 3528 haere
535 3466 705 3548 opiniones
734 3464 874 3548 probare
901 3483 968 3528 11611
998 3482 1141 3547 possum,
1173 3464 1230 3543 qui
1347 3459 1349 3463 ’

56 3578 93 3638 61
121 3571 255 3636 eosdem
286 3576 385 3654 atque
400 3569 591 3635 Germanos
619 3570 696 3634 illos
719 3569 952 3654 Hyperboreos
981 3570 1086 3633 fuisse
1115 3572 1230 3634 censet

57 3685 92 3745 et
132 3678 294 3743 electrum
327 3679 363 3740 in
397 3679 481 3741 mari
516 3677 656 3742 Suerico
689 3681 859 3760 repertum
894 3675 988 3740 donis
1021 3675 1228 3740 reconditum

54 3787 163 3851 fuisse
188 3786 347 3868 opinatur.

133 3980 153 4048 ¹)
172 3980 275 4036 Heron.
294 3979 342 4048 rv,
361 3979 403 4034 aa.
441 3977 475 4032 11.
494 3978 525 4032 r.
544 3977 565 4042 1,
585 3976 627 4043 31,
646 3977 671 4031 a

131 4067 154 4138 ²)
175 4069 209 4124 ef.
234 4067 316 4124 Hom.
346 4071 363 4119 I
386 4067 450 4122 533:
479 4062 527 4117 aul
543 4063 595 4132 γὰρ
612 4069 682 4140 τοῖσι
698 4063 785 4120 κακὸν
805 4061 992 4134 χρνσόθρονος
1007 4059 1127 4131 Ἄρτεμις
1145 4049 1230 4128 ὦρσεν

478 4149 629 4221 χωσαμένη,
648 4147 664 4206 ὅ
682 4151 709 4206 οὶ
726 4147 787 4206 οὔτι
804 4150 925 4206 θαλύσια
940 4151 1031 4223 γουνῷ
1049 4145 1138 4219 ἀλωῆς

479 4236 575 4301 Οἰνεὺς
592 4234 653 4308 ῥέξ’.
672 4233 746 4294 ἄλλοι
763 4236 794 4294 δὲ
809 4237 873 4293 θεοὶ
889 4235 1012 4292 δαίνννθ
1033 4236 1190 4308 ἑκατόμβας.

131 4329 153 4399 ³)
172 4329 206 4383 Id
217 4329 299 4396 quod
312 4329 396 4386 etiam
409 4346 442 4388 ee
455 4330 659 4400 comprobatur,
678 4328 752 4396 qnod
765 4328 909 4385 Dodonam
922 4343 1032 4396 quoque
1044 4325 1230 4384 afferebantur

50 4425 170 4480 auctore
188 4416 330 4473 Herodoto
349 4415 408 4486 (iv,
427 4418 481 4486 33),
498 4418 548 4474 abi
566 4415 705 4488 Apollinis
722 4416 815 4472 nullus
833 4420 894 4472 erat
911 4416 1009 4472 cultus.
