2872 4868
468 108 837 212 Prooemium.

157 423 355 487 Welokerus
383 424 419 486 in
441 426 634 488 universum
663 425 703 489 de
726 428 898 510 religionis
923 425 1070 492 Graecae
1099 429 1237 493 historia
1342 442 1344 446 ‘

61 529 237 615 disputans
260 531 295 592 in
309 529 535 614 Mythologiae
557 533 612 595 vel
633 531 836 617 Theologiae
854 533 1001 598 Graecae
1024 535 1143 618 tomi,
1167 557 1198 620 p.
1216 541 1234 598 7

59 637 147 703 haec
182 637 317 701 scribit:
341 629 480 722 ,U‘Wenn
512 658 547 702 es
582 641 730 722 moglich
764 648 868 720 ware,
904 643 1003 705 einen
1038 640 1137 705 Kreis
1171 662 1236 706 von

57 747 247 830 religiosen
273 745 533 828 Vorstellnngen
568 765 626 810 aus
656 747 851 811 demselben
882 747 1049 811 Zeitranm
1084 748 1235 830 (eandem

61 853 148 916 dicit
175 856 331 933 aetatem,
367 871 431 934 qua
459 855 591 916 moenia
621 853 802 937 Cyclopum
832 858 865 918 et
892 853 1029 936 Myniae
1064 857 1235 921 mirabiles

59 960 148 1024 tholi
183 962 352 1022 exstructa
382 957 479 1041 sunt),
519 960 573 1023 die
611 980 674 1022 nur
709 961 813 1025 durch
849 963 1007 1027 kritische
1042 963 1236 1048 Forschung

60 1067 149 1130 nach
171 1067 240 1129 und
262 1067 347 1129 nach
372 1066 512 1130 erkannt
533 1067 667 1130 werden
689 1068 832 1150 konnen,
855 1071 892 1131 in
914 1071 1005 1156 ihrer
1020 1069 1234 1154 Kernh'aftig-

61 1175 134 1238 heit
167 1173 236 1236 und
267 1172 523 1236 Frnchtbarkeit
557 1175 618 1237 mit
652 1175 801 1257 gleicher
836 1178 1133 1241 Anschaulichheit
1167 1178 1235 1241 und

62 1280 229 1364 Wirhnng
251 1280 311 1343 anf
333 1281 398 1343 den
421 1279 515 1345 Geist
538 1282 769 1363 hinzustellen,
794 1284 842 1346 als
866 1285 971 1347 werin
994 1284 1086 1348 diese
1109 1283 1235 1348 Ueber-

63 1392 153 1453 reste
181 1407 244 1452 uns
266 1407 326 1451 vor
348 1406 472 1450 unsern
495 1388 701 1452 stannenden
723 1388 866 1453 Blicken
890 1392 1016 1472 stehen,
1040 1410 1075 1454 so
1098 1391 1235 1453 wdrden

64 1497 117 1561 die
134 1513 194 1558 ans
209 1494 438 1559 Unhenntniss
454 1496 613 1578 geringen
626 1497 884 1579 Vorstellungen
900 1516 965 1559 von
981 1497 1046 1559 den
1060 1496 1235 1580 Anfangen

64 1604 122 1667 der
150 1603 382 1687 griechischen
410 1601 611 1665 Geschiohte
647 1603 717 1665 sich
753 1603 837 1664 noch
873 1603 1031 1686 ungleich
1059 1604 1153 1667 mehr
1184 1622 1235 1666 er·

62 1699 199 1774 weitern
239 1709 307 1772 und
345 1709 507 1793 glanzend
547 1701 713 1772 erhellen?
775 1707 901 1784 Quibus
934 1710 1047 1774 verbis
1082 1711 1235 1792 equidem

62 1818 149 1880 nihil
174 1818 300 1880 rectius
329 1815 455 1880 dictum
485 1835 603 1879 censeo
631 1835 740 1898 neque
765 1816 943 1898 quidquam
967 1818 1067 1880 totius
1092 1819 1234 1899 antiqni-

62 1926 141 1987 tatis
169 1925 342 1987 historiam
371 1925 476 2006 magis
507 1923 663 1987 adiuvare
696 1941 793 2006 posse
822 1924 971 2005 arbitror,
1008 1942 1114 2004 quam¹
1141 1925 1234 1987 illam

67 2031 274 2095 reconditam
303 2031 447 2094 nationis
472 2029 618 2094 Graecae
649 2032 811 2114 originem
838 2031 1005 2114 indagare,
1035 2034 1072 2093 ut
1100 2031 1137 2093 in
1165 2031 1236 2094 dies

63 2139 170 2221 magis
201 2142 367 2221 appareat,
403 2139 563 2220 quomodo
592 2139 743 2217 virtutae,
779 2139 949 2220 scientiae,
985 2141 1083 2218 arten,
1116 2135 1234 2218 qnibns

64 2245 185 2308 Gracci
208 2249 324 2327 postea
347 2262 460 2308 omnes
482 2248 598 2328 gentes
615 2249 865 2327 superaverunt,
891 2248 981 2307 ortae
999 2243 1235 2306 conformatae-

64 2371 127 2434 qne
152 2353 226 2415 sint.
273 2350 345 2427 Qua
371 2353 407 2413 in
434 2370 471 2414 re
500 2351 671 2414 tractanda
701 2352 945 2433 cogitationem.
963 2350 1003 2412 ad
1034 2348 1235 2412 Graecorum

63 2460 104 2522 de
129 2459 194 2522 diis
218 2460 400 2523 sententias
424 2462 500 2521 ante
524 2460 634 2521 omnia
658 2458 839 2542 dirigamus
863 2476 1001 2522 necesse
1026 2461 1085 2536 est,
1110 2475 1186 2520 oum
1199 2456 1235 2520 in

61 2561 226 2650 religione
251 2585 343 2630 suam
367 2584 517 2647 quaeque
540 2567 630 2628 natio
661 2566 882 2650 principalem
910 2568 1062 2627 matonam
1088 2564 1234 2626 maxime

63 2672 231 2740 exhibeat.
281 2672 398 2753 Itaque
436 2673 499 2736 etsi
534 2671 771 2736 difficillimum
803 2690 876 2736 esse
906 2672 984 2733 novi
1016 2673 1052 2734 in
1080 2672 1142 2733 hac
1170 2668 1235 2733 dis-

63 2781 198 2865 ciplina,
228 2779 321 2843 cuins
348 2783 417 2841 tam
446 2777 539 2841 fluxa
563 2779 613 2841 est
635 2779 785 2860 materia,
815 2777 910 2841 firmo
934 2778 1019 2861 pede
1045 2778 1234 2857 consistere,

61 2893 174 2953 tamen
198 2888 260 2951 hcc
284 2904 443 2950 conamen
465 2886 549 2948 mihi
573 2883 780 2949 subeundum
806 2902 879 2947 esse
910 2885 992 2947 duxi
1016 2903 1166 2967 quaeque
1194 2883 1234 2945 de

1013 3007 1036 3061 h

1006 3113 1064 3142 aa·
