2872 4868
792 301 834 364 96

226 503 394 570 Παλλάδια
415 507 483 574 diei
505 512 801 594 potuerunt-velut
821 513 906 576 illud
929 514 1063 596 insigne
1088 513 1272 596 Troianam,
1297 515 1363 577 odas
1405 514 1436 556 ³

227 613 268 676 de
283 617 473 697 praesentia
488 618 578 682 salus
593 617 686 682 urbis
700 617 920 701 dependebat,
944 637 1032 701 quae
1047 621 1132 683 mihi
1147 639 1213 684 non
1228 621 1365 685 Minervae
1398 614 1421 645 ³¹

225 720 283 783 sed
311 722 564 804 antiquissimae
588 724 715 788 Dianae
745 730 853 789 statua
881 726 1013 789 videtur
1035 727 1150 806 fuisse,
1184 745 1259 791 cum
1281 746 1297 791 e
1316 725 1368 790 lha
1404 718 1436 749 ‘⁵

224 827 374 892 ianorum
397 833 494 913 parte
518 830 627 896 Diana
650 832 736 915 apud
760 831 942 896 Homerum
966 837 1081 915 staret,
1113 815 1265 898 Minerra
1289 838 1370 897 aulen
1402 822 1435 886 Ψ

223 935 342 1000 iisdem
370 937 560 1002 adversaria
588 943 684 1002 esset.
737 938 865 1004 Dianae
891 957 971 1003 vero
1001 941 1127 1004 cultum
1156 942 1194 1004 in
1216 941 1314 1005 Asiae
1333 959 1371 1004 ora
1405 941 1421 971 ³

222 1045 389 1106 maritima
411 1043 628 1128 finitimisque
658 1046 849 1128 regionibns
877 1047 1049 1130 vulgatum
1078 1045 1184 1112 fuisse
1212 1065 1309 1132 supra
1326 1049 1373 1110 ian
1409 1056 1422 1075 ”

222 1152 425 1233 notavimus
455 1169 554 1233 quare
582 1153 669 1214 nihil
692 1151 901 1235 probabilius
926 1157 977 1216 est
1006 1171 1104 1235 quam
1128 1153 1246 1218 Troiae
1271 1172 1373 1236 quoque

222 1255 351 1320 Dianae
376 1259 501 1320 cultam
525 1259 689 1340 quondam
713 1257 903 1340 floruisse).
1424 1264 1426 1271 ‘

312 1363 407 1428 Haec
434 1365 501 1427 iam
534 1383 612 1428 vero
646 1365 687 1429 de
709 1364 872 1429 Palladiis
899 1367 1011 1450 opinio
1042 1369 1143 1431 ctiam
1167 1387 1207 1432 eo
1231 1369 1374 1453 probatur,
1428 1374 1436 1397 ⁴

223 1471 310 1554 quod
334 1453 494 1535 Tauricae
510 1471 638 1536 Dianae
662 1473 766 1555 signa,
791 1491 876 1555 qnae
897 1474 933 1536 in
947 1475 1087 1556 pictmis
1104 1473 1284 1558 Iphigenia
1297 1479 1374 1554 tenet,

222 1579 310 1642 hano
332 1579 497 1642 hastatam
521 1577 682 1642 exhibent
705 1573 841 1660 deam2),
866 1595 965 1660 quam
987 1580 1054 1643 nisi
1075 1571 1256 1664 Iphigenia
1278 1580 1376 1664 figuras
1423 1582 1428 1611 l

222 1685 371 1768 haberet,
395 1686 467 1750 sine
491 1684 592 1748 dubio
614 1682 788 1748 Palladem
810 1687 1067 1749 nominaremus.
1435 1680 1436 1683 ’

309 1792 359 1857 Ne
398 1798 510 1856 temen
548 1793 634 1856 hanc
671 1791 866 1857 bellicosam
903 1792 1046 1874 Dianam
1081 1793 1287 1860 Graeoomm
1324 1813 1377 1860 esso
1425 1798 1433 1825 l

220 1901 427 1983 peculiarem
459 1901 555 1965 deam
579 1901 768 1984 putaveris:
795 1897 936 1964 Romani
969 1917 1100 1983 quoqne
1133 1919 1208 1965 eam
1235 1905 1380 1967 noverant
1430 1904 1436 1933 ³¹

220 2005 348 2071 Dianae
378 2011 538 2071 naturam.
559 2087 561 2092 Α
586 2006 703 2070 Gentis
732 2008 820 2070 enim
843 2006 1033 2071 Hostih'nae
1062 2010 1097 2071 in
1120 2011 1267 2074 monetis
1291 2009 1380 2073 Diana
1432 2030 1434 2037 ‘

221 2118 347 2178 armata
377 2115 505 2178 caelata
533 2109 622 2196 ess),
650 2133 750 2195 quam
772 2113 977 2177 Hostilinam
1000 2116 1174 2178 nominare
1198 2116 1290 2180 licet.
1333 2115 1382 2179 De

219 2221 298 2286 inde
334 2222 388 2286 vel
423 2203 520 2285 omne
550 2221 773 2284 Romanorum
806 2221 984 2304 imperium
1017 2226 1178 2286 anostra
1210 2223 1276 2288 dea
1305 2223 1384 2306 qnasi

207 2325 415 2393 conoessum
442 2329 486 2393 iis
518 2332 552 2392 et
575 2327 793 2392 condonatum
830 2328 1009 2393 exhibetur
1043 2329 1103 2393 illa
1136 2329 1263 2413 fabula,
1301 2349 1385 2413 quan

220 2433 336 2500 Livius
360 2433 397 2517 (I,
421 2436 480 2514 ab)
503 2435 657 2499 tradidit:
681 2438 777 2498 vates
801 2435 965 2518 quondam
989 2437 1161 2519 cecinisse,
1184 2437 1297 2502 utrius
1321 2438 1413 2502 ciri.

220 2542 308 2623 tatio,
333 2560 377 2604 sc.
401 2541 569 2605 Romanae
594 2546 651 2604 aut
674 2539 827 2620 Sabinae,
853 2542 944 2604 cives
967 2541 1088 2605 bovem
1104 2544 1258 2607 miranda
1274 2545 1389 2629 magni·

220 2647 335 2711 tudine
368 2650 401 2711 et
429 2648 541 2730 specie
573 2646 702 2710 Dianae
729 2647 965 2731 immolassent,
997 2665 1100 2732 penes
1131 2653 1221 2713 eam'
1236 2651 1310 2716 fore
1339 2653 1391 2714 im·

219 2757 359 2840 perium.
404 2753 527 2819 Notum
556 2759 607 2818 est
627 2753 813 2819 Romanum
844 2757 1028 2820 antistitem
1047 2756 1244 2821 ¹calliditate
1278 2756 1391 2822 Sabino

221 2865 374 2947 superato
401 2861 521 2927 bovem
551 2862 647 2925 illum
677 2862 876 2945 immolasse,
906 2861 995 2926 unde
1023 2861 1183 2927 Romanis
1217 2865 1392 2949 imperium

221 2972 401 3053 contigisse
437 2969 682 3034 existimabant.
735 2968 843 3033 Diana
876 2970 979 3052 igitur
1012 2970 1046 3032 in
1084 2971 1251 3034 Aventino
1289 2976 1394 3036 monte
1423 2969 1431 2980 '

222 3077 311 3141 culta
337 3076 519 3141 secandum
546 3076 632 3140 hanc
650 3075 809 3140 'fabulam
838 3093 877 3140 ea
906 3079 966 3158 est,
1001 3076 1095 3140 cuius
1124 3076 1167 3140 de
1188 3081 1345 3160 potentia
1366 3081 1394 3142 et

221 3183 456 3247 benevolentia
477 3181 662 3247 Romanum
684 3184 862 3267 imperium
886 3181 1090 3266 dependerit.
1206 3203 1207 3208 ¹

712 3500 837 3603 capnt
863 3501 906 3582 ll.

478 3676 522 3748 lle
544 3676 666 3753 nimae
689 3676 794 3752 ethica
817 3679 849 3750 st
871 3676 998 3750 nasica
1015 3657 1145 3750 natata.

310 3826 428 3905 Diana,
464 3843 547 3907 quae
576 3826 730 3908 primitus
757 3825 942 3924 naturalem
971 3823 1117 3887 indolem
1145 3823 1298 3907 praebet,
1335 3825 1398 3888 iam

223 3933 452 4016 antiquissima
491 3935 600 3995 aetate
640 3932 784 3995 ethicam
821 3935 974 3994 naturam
1011 3930 1129 3993 induit.
1188 3929 1275 3994 Cum
1313 3935 1398 3998 enim

221 4041 385 4104 humanae
417 4040 507 4102 vitae
541 4038 745 4122 praesidium
781 4041 814 4101 et
848 4037 1032 4101 custodiam
1061 4035 1185 4100 habere
1210 4043 1399 4122 putaretur,

296 4304 316 4374 ¹)
335 4305 369 4359 cf.
388 4304 492 4373 Sayce
510 4306 540 4360 in
558 4303 748 4358 Schliemanni
766 4302 839 4358 libro
856 4294 935 4358 ‘ilios'
956 4302 1033 4370 1881,
1052 4319 1080 4371 p.
1100 4299 1161 4356 769.

294 4393 314 4463 ²)
334 4394 501 4464 Archaolog.
519 4395 606 4463 Zeitg.
626 4393 645 4469 l.
664 4393 682 4447 l.

294 4483 315 4552 ³)
334 4483 485 4551 Oreuzer,
504 4483 651 4554 Symbolik
668 4479 691 4550 1,
708 4481 733 4548 3,
753 4482 777 4547 3,
796 4481 853 4536 tab.
873 4481 907 4548 V,
926 4497 953 4537 n.
973 4480 1019 4536 26.
1130 4493 1145 4538 “,
