2872 4868
689 223 902 322 -L

214 439 432 524 Elaphebolia
454 439 716 522 celebrabantur,
741 457 826 522 quae
850 438 1024 504 sollemnia
1046 439 1156 502 mansi
1176 455 1288 521 vomo,
1315 455 1363 518 quo
1416 467 1428 519 y

213 546 346 630 fiebant,
373 565 493 611 nomen
517 545 709 610 indiderunt
730 547 1009 630 ElaphebolioniS,
1032 545 1091 627 qui
1112 543 1205 608 idem
1227 543 1268 608 ab
1290 543 1366 608 Eleis
1421 583 1430 626 ,

214 651 376 738 Elaphius
414 651 637 734 vocabatur1).
694 654 817 718 Cervos
856 658 968 718 autem
1004 654 1064 718 illo
1098 670 1203 717 verno
1236 658 1368 736 tempora
1428 693 1430 702 ι

214 765 390 844 propterea
411 761 618 826 venabantur
641 760 773 843 Graeci,
803 779 848 825 ne
877 759 1046 843 segetibus
1069 759 1162 824 ferae
1184 754 1370 839 nocerent).

300 885 428 951 Deinde
453 889 525 971 apri
539 885 667 951 Dianae
690 888 777 951 saori
797 891 901 968 erant,
926 883 1126 968 quibusuea
1142 884 1183 948 ad
1199 884 1371 968 puniendos

211 994 361 1058 homines
375 1013 437 1057 usa
454 1012 526 1057 esse
542 993 656 1074 fertur,
672 997 710 1057 ut
726 997 853 1080 segetes
871 1011 1089 1077 agrorumque
1102 991 1232 1056 fruetus
1244 992 1372 1056 homini·

211 1099 273 1164 bus
295 1095 531 1184 deperderet³).
566 1097 683 1183 Itaque
699 1101 795 1182 quasi
814 1101 988 1165 irascentis
1004 1098 1085 1162 deae
1109 1098 1300 1179 symbolum
1321 1098 1373 1161 bas

212 1206 341 1270 bestiae
358 1211 434 1270 sunt
451 1212 484 1271 et
499 1207 741 1290 formidolosae,
765 1207 807 1271 de
823 1226 888 1289 qua
904 1207 1092 1290 proximum
1108 1209 1211 1289 eaput
1227 1203 1374 1269 conferas.

214 1312 458 1377 Celeberrimus
490 1318 600 1378 autern
634 1319 704 1377 erat
737 1312 939 1394 Calydonius
974 1307 1096 1396 aper4),
1133 1329 1234 1394 quem
1263 1311 1375 1376 deaiu

215 1420 383 1483 Aetoliam
414 1422 593 1485 immisisse
629 1421 764 1505 dieitur,
795 1426 833 1484 ut
864 1417 1014 1483 Oeneum
1044 1419 1196 1514 puniret,¹
1232 1420 1290 1500 qui
1323 1417 1375 1482 soli

211 1523 339 1589 Dianae
361 1526 493 1612 frugum
515 1529 680 1612 primitias
705 1528 892 1592 sacrificare
916 1529 1083 1592 omiserat.
1414 1531 1415 1534 ’

301 1649 384 1714 Turn
410 1671 523 1734 ursus,
560 1653 600 1717 de
631 1673 695 1736 quo
724 1655 800 1718 iam*
821 1653 980 1736 diximus,
1015 1651 1141 1716 Dianae
1173 1654 1375 1715 consecratus

214 1753 324 1839 erata.
377 1759 432 1823 Ad
465 1758 621 1840 Gyzioum
650 1778 744 1823 mons
776 1764 847 1824 erat
871 1751 1022 1837 ’Ἄρκτων
1054 1749 1144 1840 ὄρος,
1175 1756 1244 1820 ‘ubi
1271 1756 1376 1819 fanum

211 1863 439 1945 Dindymenae
452 1868 567 1930 matris
580 1871 659 1948 erat,
675 1864 862 1950 Phrygioue
879 1865 970 1946 deae,
988 1883 1087 1946 quam
1100 1864 1241 1928 eandem
1257 1882 1297 1927 ao
1309 1861 1376 1926 Dia-

212 1989 290 2034 nam
305 1972 450 2054 prisoam
466 1972 571 2037 fuisse
589 1967 803 2054 oensemus⁶).
833 1971 1001 2052 Atalanta,
1017 1969 1145 2034 Dianae
1162 1971 1271 2034 amioa
1288 1974 1376 2052 atque

211 2077 437 2142 illustrissima
459 2081 623 2161 venatrix,
647 2079 688 2144 ab
711 2098 789 2143 ursa
811 2080 938 2142 nutrita
959 2096 1033 2142 esse
1048 2071 1195 2158 found).
1237 2075 1376 2156 Calliste,

210 2185 246 2247 in
280 2203 344 2266 qua
378 2186 460 2250 deae
493 2187 598 2270 ipsius
633 2169 780 2270 speeiem
812 2185 916 2248 latere
946 2185 1173 2268 eognovimus,
1206 2184 1243 2247 in
1272 2203 1378 2248 ursan

212 2295 339 2355 mutata
363 2310 436 2356 esse
459 2288 691 2375 perhibetur⁸).
737 2291 824 2356 Ursa
854 2309 932 2354 vero
964 2292 1088 2355 eximia
1114 2291 1283 2375 pullorum
1308 2309 1378 2356 eura
1429 2327 1430 2350 ι

211 2399 354 2482 insignis
377 2400 538 2481 optimum
559 2398 742 2480 γυναικείας
764 2397 844 2471 θεᾶς
867 2397 1055 2479 symbolum
1071 2395 1258 2482 videbatur,
1283 2416 1377 2481 quare

138 2498 141 2504 ’
214 2503 473 2567 Atheniensium
494 2505 628 2588 puellae
650 2503 777 2569 Dianae
800 2504 1003 2569 Brauroniae
1025 2505 1061 2567 in
1083 2504 1245 2568 honorem
1268 2507 1378 2570 ohoros

214 2609 374 2674 dueentes
409 2629 560 2675 ursarum
604 2613 767 2698 speciem
792 2611 937 2696 pellibus
980 2614 1013 2674 et
1051 2612 1236 2694 posteriore
1276 2616 1378 2677 aetate

213 2718 340 2782 orooeis
355 2717 506 2782 vestibus
520 2716 656 2782 indutae
672 2713 928 2799 imitabantur9),
950 2712 1062 2798 ἄρκτοι
1076 2719 1168 2802 ipsae
1184 2721 1379 2784 nominatae.

302 2839 390 2916 Quas
413 2842 522 2908 adhue
544 2845 797 2926 nominavimus,
821 2842 913 2908 ferae
936 2842 1065 2907 Dianae
1089 2846 1123 2906 et
1145 2860 1260 2908 saurae
1284 2845 1380 2908 habe·

209 2947 332 3012 bantur
364 2953 398 3013 et
429 2950 612 3030 symbolice
645 2951 834 3016 simulacris
867 2949 1079 3016 addebantur.
1135 2948 1321 3017 Praeterea
1348 2954 1380 3016 in

210 3055 263 3118 his
295 3056 486 3136 symbolicis
518 3057 559 3122 ad
581 3057 723 3122 Dianam
749 3056 994 3142 pertinentibus
1020 3057 1139 3121 bestiis
1167 3056 1303 3123 leonem
1325 3079 1381 3124 nu·

209 3179 385 3242 meremus,
409 3165 466 3245 qui
488 3183 554 3228 non
578 3165 685 3229 solum
709 3165 991 3248 speciosissimum
1015 3163 1074 3228 sed
1098 3165 1199 3229 etiam
1223 3168 1379 3250 antiquis·

213 3267 334 3330 simum
348 3266 476 3332 Dianae
498 3269 686 3350 symbolum
701 3275 759 3334 est.
796 3269 951 3336 Profecto
966 3270 1103 3353 Dianae,
1127 3288 1213 3353 quae
1230 3265 1381 3336 δέσποινα

285 3512 304 3580 ¹)
322 3513 352 3570 P.
371 3511 406 3580 V,
426 3515 468 3581 13,
487 3514 530 3570 11.

282 3599 304 3670 ²)
325 3603 547 3672 Soboernann,
566 3605 683 3675 Antiqq.
701 3605 748 3661 Gr.
766 3605 801 3673 11,
819 3623 848 3677 p.
859 3605 922 3661 419.

283 3689 354 3758 ³.)P
373 3692 395 3760 I,
414 3690 457 3760 21,
475 3691 501 3749 9.

281 3776 305 3848 ⁴)
324 3781 406 3838 Hom.
425 3785 448 3848 I,
468 3782 519 3838 533
537 3799 598 3852 sqq.

283 3866 305 3937 ι1)
325 3869 360 3926 oi.
372 3870 407 3926 de
419 3889 482 3927 urso
495 3872 681 3941 Baoboten,
700 3873 756 3928 Der
771 3873 849 3929 sar·
840 3891 872 3927 ιιι
888 3873 943 3928 den
955 3813 1124 3942 Religionen
1137 3870 1185 3925 des
1198 3869 1382 3939 Alterthums,

211 3958 292 4023 1363,
311 3958 360 4026 qui
378 3959 491 4027 quidem
510 3961 605 4016 omnia
622 3960 774 4031 symbolioe
793 3961 960 4031 explicando
973 3960 1054 4016 ultra
1071 3959 1139 4014 fines
1155 3959 1247 4016 iustae
1266 3963 1382 4020 rationis

209 4047 394 4116 progreditur

283 4132 305 4203 ⁸)
323 4136 413 4191 Strab
433 4135 474 4203 12,
493 4155 521 4207 p.
535 4137 596 4194 515.

286 4224 1021 4296 71Διιο1Ῑο(1.111,3,2.111111ιι.ι·ι.ι.1ιὶι1.13,1.

283 4311 492 4382 ⁸)P.vv,1113,
512 4318 537 4371 6.

284 4401 306 4471 ⁹)
325 4405 480 4467 Suebier,
500 4405 540 4460 De
558 4404 640 4460 Dian.
658 4404 753 4461 Braur.
771 4421 799 4474 p.
812 4405 846 4460 33
864 4423 904 4474 sq.
