2872 4868
580 297 621 360 93

32 505 199 576 embolum
223 511 286 590 eat,
318 507 377 572 sed
408 511 509 574 etiam
539 511 618 592 quia
648 510 730 574 deae
759 528 853 574 sacra
884 515 935 574 est
960 509 1069 573 bestia
1099 511 1181 592 eIus,

32 629 93 676 uae
124 617 160 676 et
185 615 360 680 victoriam
386 616 549 700 praebere
582 635 679 700 posse
710 621 744 681 et
769 618 917 680 manium
945 615 1078 680 domina
1108 635 1182 680 esse

32 719 197 783 utebatur.
249 720 304 786 Sic
337 722 478 787 fortasse
509 723 693 788 Alcathous
728 725 764 787 in
795 725 956 788 victoriae
987 725 1182 787 memoriam

32 827 117 890 lonis
141 828 356 893 simulacrum
380 831 561 910 constItuit,
587 849 631 893 ex
655 849 718 914 quo
741 833 814 914 ipso
838 832 931 914 signo
952 829 1065 894 fabula
1081 829 1181 893 facile

32 933 176 1018 riginem
210 934 330 1000 ducere
365 938 486 1022 potuit,
530 956 605 1002 cum
638 938 790 1002 homines
826 937 1042 1020 symbolicam
1076 937 1182 1000 leonis

32 1043 179 1106 ctionem
206 1061 273 1106 non
301 1044 370 1108 iam
395 1044 639 1128 intellegerent.
686 1043 847 1108 Similiter
876 1046 976 1109 etiam
999 1044 1181 1127 posteriore

32 1152 120 1212 etate
143 1149 375 1218 Aristodemus
397 1149 752 1236 Megalopolitanorum
773 1170 837 1215 rex
856 1150 983 1215 Dianae
999 1152 1182 1234 Agroterae

32 1253 351 1340 enumconstituIt1),
374 1256 535 1330 videlicet
556 1264 594 1323 ut
610 1259 691 1324 deae
713 1259 839 1342 gratias
856 1262 990 1342 propter
1004 1258 1181 1342 imperium
1260 1245 1270 1262 '⁴

32 1366 208 1446 conpotum
232 1367 354 1446 ageret.
400 1362 553 1446 Denique
576 1364 719 1430 Dianam
741 1367 850 1447 ipsam
872 1364 1019 1438 foederis
1042 1365 1183 1428 Achaioi

32 1469 113 1532 dese
136 1469 296 1536 bellicum
318 1469 461 1534 tutelare
484 1490 608 1536 numen
633 1471 667 1536 O.
692 1472 733 1536 de
756 1471 908 1538 Pauoker
930 1467 1121 1556 probante,
1144 1471 1180 1536 id

32 1575 96 1639 uod
121 1594 196 1640 esse
219 1596 286 1640 non
308 1579 424 1660 potuit,
449 1579 516 1642 nisi
539 1579 602 1643 dea
623 1580 691 1642 iam
712 1598 772 1663 per
795 1598 831 1643 se
853 1579 1011 1644 bellicam
1029 1583 1181 1642 naturam

32 1682 229 1748 xhibuIsset.

96 1787 192 1852 Nihil
226 1795 337 1854 autem
372 1796 486 1856 contra
520 1775 613 1856 xhanc
646 1791 775 1858 Dianae
809 1794 992 1876 Agroterae
1025 1791 1183 1856 bellicam

32 1896 156 1960 idolam
179 1902 297 1980 poetae
320 1899 433 1964 valere
458 1904 605 1983 possunt,
629 1900 660 1964 si
683 1901 785 1964 etiam
800 1900 883 1964 alias
898 1898 1026 1962 Dianae
1041 1899 1181 1962 virtutes

32 2003 238 2067 ascribentes
265 2005 329 2067 hoc
356 2007 551 2088 cognomine
579 2001 762 2089 utantau³t,
799 2025 875 2072 cum
901 2007 975 2090 ipsa
1003 2004 1181 2069 verborum

32 2113 41 2172 t
63 2111 239 2174 nominum
261 2110 526 2194 frequentatione
548 2113 681 2196 poetica
703 2113 776 2177 laus
800 2115 1018 2180 contineatur.

40 2291 43 2294 ,
97 2216 229 2294 Deinde
251 2222 364 2282 nostra
387 2218 549 2282 bellicosa
573 2218 635 2282 dea
658 2219 759 2284 etiam
778 2217 1013 2303 Hegemone
1037 2216 1183 2301 appella-

32 2328 114 2404 atur,
140 2324 227 2406 quod
250 2326 323 2408 ipso
345 2327 483 2388 numine
506 2326 590 2389 duce
615 2323 792 2390 Graeciae
817 2325 1046 2408 expeditiones
1069 2323 1181 2388 facere

32 2431 208 2514 agitabant.
246 2431 347 2496 Cuius
371 2433 577 2516 cognominis
597 2450 789 2515 perversam
811 2432 903 2496 dedit
924 2431 1180 2514 explicationem

32 2535 203 2619 tollius4),
224 2540 280 2620 qui
304 2538 345 2602 de
367 2543 545 2622 nuptarum
572 2525 841 2603 dedu‘cendarum
864 2539 982 2630 officio
997 2539 1182 2610 derivatum

32 2643 91 2708 lud
116 2663 191 2708 esse
215 2649 338 2709 censet.
382 2643 453 2709 Nec
474 2639 647 2727 Prelleri⁵)
676 2647 851 2731 comprobo
876 2647 1077 2731 opinionem,
1106 2665 1181 2710 cum

32 2749 226 2834 [egemonen
249 2752 346 2815 deam
370 2757 505 2824 censeat
529 2771 611 2834 esse,
636 2757 721 2835 quae
744 2755 780 2817 in
803 2751 997 2817 difficilibus
1017 2739 1181 2834 periculo-

32 2860 123 2940 lsque
145 2859 322 2922 itineribus
345 2863 521 2923 venatores
545 2859 651 2922 ducat.
689 2857 766 2922 Mea
790 2859 924 2941 quidem
938 2859 1104 2922 sententia
1119 2858 1181 2921 dea

32 2964 207 3048 [egemone
232 2985 272 3028 ea
296 2969 356 3048 est,
381 2985 466 3047 quae
489 2967 525 3028 in
548 2985 694 3048 pugnam
717 2964 934 3049 procedentes
957 2965 1118 3028 ducitvel
1141 2963 1182 3026 ad

32 3072 175 3135 oloniam
198 3071 426 3136 deducendam
449 3071 697 3156 proficiscentes
720 3067 871 3152 tactura.
908 3069 1059 3153 Namque
1083 3072 1183 3134 etiam

32 3175 196 3242 [ercurius
216 3177 452 3263 Hegemonius,
477 3181 530 3244 cni
545 3179 689 3244 Athenis
713 3199 732 3242 a
754 3179 960 3262 praetoribus
988 3175 1182 3260 (στρατηγοί)

32 3305 105 3350 acra
128 3285 262 3369 fiebant,
286 3305 351 3350 non
374 3285 522 3350 manium
545 3286 614 3349 dux
638 3291 672 3350 et
694 3291 803 3350 custos
820 3290 879 3366 est,
904 3286 963 3350 sed
978 3286 1047 3349 dux
1062 3279 1182 3364 belli7).

32 3399 127 3475 taque
157 3393 400 3478 comprobatur,
432 3394 519 3476 quod
546 3395 582 3457 in
610 3393 756 3458 facinore
780 3393 870 3456 omni
892 3391 1000 3457 Diana
1021 3392 1183 3454 auxilium

32 3518 98 3565 erre
123 3500 237 3583 possit,
260 3499 479 3583 Hegemonen
503 3500 599 3565 deam
616 3519 689 3566 esse
708 3500 839 3566 dictam.
877 3499 932 3564 Sic
946 3499 1182 3580 intellegimus,

32 3627 66 3670 ur
87 3606 251 3670 Chronius
257 3602 292 3692 8),
317 3626 392 3671 oum
409 3605 704 3674 Orchomeniorum
718 3613 896 3689 tyrannum
910 3603 1182 3671 Aristomelidam

84 3853 106 3924 ¹)
125 3852 156 3909 P.
175 3853 251 3920 VIII,
270 3853 312 3920 32,
331 3854 357 3909 4.

81 3941 104 4010 ⁷)
123 3943 289 4013 Archtolog.
307 3943 395 4011 Zeitg.
415 3941 492 4008 1849,
511 3959 539 4011 p·
559 3941 602 4005 72,
620 3944 678 3997 not·
696 3939 739 3997 28.

81 4029 104 4099 ⁸)
123 4031 204 4088 Pind.
222 4033 306 4102 Pyth·
325 4030 373 4099 IX,
393 4029 434 4086 Id.
471 4030 613 4100 Aristoph.
632 4029 742 4086 OEhesm.
760 4047 786 4084 v.
806 4028 865 4097 145,
885 4028 983 4098 Lysist.
1002 4045 1028 4083 v.
1044 4023 1120 4080 1262.

81 4118 104 4188 ⁴)
123 4120 244 4188 Pauly,
264 4119 414 4175 Rem-Ena
433 4119 455 4185 1,
473 4117 499 4186 2,
518 4119 572 4174 col·
592 4118 669 4174 1795.
1126 4153 1128 4156 -

81 4207 104 4277 5)
124 4209 214 4278 Myth.
234 4208 280 4266 Gr.
298 4209 320 4275 1,
339 4226 367 4277 p.
386 4207 448 4263 243.

81 4296 103 4365 ⁶)
123 4297 157 4352 cf.
176 4295 285 4352 Gallim.
304 4296 406 4365 Hymn.
425 4296 520 4366 111,v.
539 4297 601 4353 226.

83 4385 104 4453 ⁷)
126 4385 161 4441 cf.
178 4384 207 4440 G.
226 4385 256 4441 ll.
275 4385 459 4452 Hermann,
478 4385 575 4453 Antiq.
594 4384 640 4440 Gr.
660 4385 694 4453 ΙΙ,
713 4403 740 4454 p.
759 4385 820 4450 430,
838 4388 897 4442 not·
917 4387 943 4442 8.

82 4473 104 4543 8)
124 4474 155 4528 P.
173 4472 250 4540 VIII,
268 4473 312 4540 47,
330 4473 355 4532 6.
