2872 4868
483 1509 658 1609 Altera
689 1463 843 1632 para

601 1700 707 1707 ---

546 1794 670 1900 eaput
696 1797 759 1880 VI.

420 1968 464 2041 De
486 1969 595 2042 lunari
617 1970 738 2043 Dianas
760 1973 887 2042 natura.

150 2116 226 2181 Iam
249 2118 279 2180 si
301 2122 502 2209 reputamus
525 2118 561 2182 id
583 2119 669 2200 quod
694 2120 896 2202 argumentis
917 2118 1050 2184 firmare
1073 2120 1242 2184 contendi-

53 2245 145 2307 mus,
177 2225 445 2306 antiquissimam
470 2223 595 2288 Dianae
618 2230 770 2289 naturam
797 2245 863 2289 non
891 2228 997 2308 magis
1025 2232 1114 2290 terra
1144 2247 1242 2310 quam

55 2338 162 2397 nocte
187 2334 360 2416 contineri,
384 2332 485 2396 facile
510 2338 654 2417 apparet,
680 2333 841 2415 quomodo
864 2334 972 2398 Diana
995 2333 1094 2398 lunae
1118 2354 1242 2400 numen

59 2441 220 2522 evaserit,
250 2458 324 2503 cum
354 2441 433 2504 luna
457 2443 558 2524 quasi
585 2442 717 2524 signum
743 2443 851 2505 noctis
881 2460 917 2506 se
940 2441 1107 2525 praebeat.
1144 2441 1242 2508 Falso

61 2552 177 2610 autem
206 2547 292 2610 hanc
323 2549 474 2612 lunarem
502 2553 664 2628 naturam,
695 2567 795 2630 quam
816 2547 924 2612 Diana
950 2568 1030 2632 prae
1060 2569 1096 2614 se
1121 2549 1195 2633 fert,
1224 2570 1243 2613 a

61 2654 266 2737 mythologis
290 2656 512 2738 principalem
535 2660 569 2719 et
593 2657 858 2737 antiquissimam
886 2655 1010 2719 dictam
1039 2675 1112 2720 esse
1143 2675 1243 2741 supra

61 2764 261 2826 notavimus.
316 2761 421 2827 Immo
458 2765 688 2845 antiquissima
722 2762 849 2828 Dianae
885 2765 992 2826 virtus
1030 2765 1166 2827 minime
1203 2764 1242 2826 ad

63 2868 179 2932 lunam
207 2869 266 2933 sed
297 2871 337 2932 ad
370 2875 502 2934 noctem
528 2871 682 2952 pertinet.
727 2869 808 2932 Erat
839 2871 932 2939 enim
955 2869 1127 2933 hominum
1150 2874 1243 2932 vetu-

65 2977 232 3039 stissimae
266 2978 384 3040 aetatis
415 2977 495 3039 bina
520 2994 631 3039 rerum
660 2975 862 3038 naturalium
892 2977 1037 3058 cogitare
1066 2977 1241 3058 principia,

65 3081 198 3145 seilicet
220 3083 442 3146 masculinum
468 3087 501 3146 et
522 3083 730 3160 femininum,
760 3079 890 3146 coelum
914 3086 947 3145 et
969 3086 1102 3165 terram,
1131 3083 1243 3145 lucem

66 3193 100 3252 et
134 3190 321 3272 caliginem,
358 3188 448 3254 diem
483 3194 516 3253 et
549 3194 689 3254 noctem.
742 3188 825 3252 Cum
858 3208 938 3254 vero
974 3189 1112 3253 alterius
1148 3191 1243 3271 quasi

64 3295 311 3378 personifioatio
341 3296 470 3382 Iupiter
499 3300 642 3382 optimus
670 3299 836 3361 maximus
865 3295 952 3381 apud
981 3295 1242 3382 Indogermanos

65 3403 118 3485 sit,
143 3403 286 3467 alterum
308 3424 368 3488 pro
389 3409 479 3469 terra
495 3406 596 3469 simul
611 3409 646 3469 et
659 3409 757 3469 noete
773 3405 878 3469 fuisse
895 3409 1032 3489 apparet
1045 3401 1076 3485 ¹).
1123 3403 1242 3487 Itaque

64 3527 131 3572 non
160 3511 282 3573 mirum
312 3515 372 3593 est,
403 3513 432 3575 si
455 3511 601 3595 Ephesio
630 3513 666 3574 in
688 3511 815 3575 Dianae
845 3513 969 3595 templo
993 3509 1109 3574 Noctis
1133 3515 1244 3574 statua

64 3614 172 3680 fuisse
199 3617 341 3681 traditur
353 3613 386 3699 ²).
431 3617 612 3683 Brevitatis
637 3638 737 3683 eausa
760 3616 815 3682 hic
830 3617 957 3682 Dianae
975 3618 1132 3700 speciem,
1157 3635 1242 3698 quae

64 3723 200 3806 proprie
225 3723 265 3786 ad
289 3728 421 3788 noctem
444 3728 598 3808 pertinet,
622 3727 773 3789 lunarem
797 3725 947 3789 dicimus.

158 3829 254 3894 Haec
278 3833 345 3894 iam
360 3831 486 3895 Dianae
509 3837 628 3896 naama
651 3837 685 3896 et
708 3833 815 3895 cuitus
832 3832 1042 3895 caerimoniis
1067 3834 1101 3893 et
1124 3849 1244 3914 cogno·

64 3936 216 4001 minibus
254 3942 288 4002 et
321 3944 609 4003 monumentorum
643 3943 761 4003 ornatu
794 3937 1013 4001 multifariam
1047 3938 1241 4022 illustratur,

142 4141 163 4216 Γ)
184 4149 220 4205 of.
239 4149 450 4216 Baeumlein,
470 4151 599 4205 Zeitscbr.
617 4151 637 4206 f.
650 4151 858 4205 Alterthumsw.
878 4148 956 4217 1839,
975 4149 1023 4214 VI,
1042 4150 1095 4204 col.
1115 4148 1183 4204 1186
1202 4167 1243 4218 sq.

141 4236 163 4305 ²)
182 4239 213 4292 P.
227 4239 261 4307 X,
280 4239 323 4304 38,
343 4240 367 4292 6.
399 4239 566 4295 Graecorum
578 4228 675 4310 poetas
693 4241 805 4293 noctem
821 4237 871 4308 per
884 4239 1115 4308 euphemismum.
1135 4239 1242 4308 opinor,

65 4321 209 4395 εὐφρόνην
226 4329 384 4384 nominasse
404 4331 481 4396 quasi
500 4345 604 4386 numen
618 4329 730 4398 placare
744 4328 886 4381 studentes
898 4331 995 4383 notum
1015 4331 1065 4382 est.
1098 4327 1131 4382 of.
1145 4327 1243 4381 Aeseh.

65 4415 120 4484 Ag.
139 4433 166 4469 v.
186 4416 247 4484 265,
266 4415 326 4472 279.
