2872 4868
688 235 900 332 „m—

301 449 377 514 Deli
393 451 495 534 igitur
509 449 636 514 Dianae
661 451 769 514 cultus
793 449 1034 531 antiquissimis
1050 465 1068 511 e
1086 446 1291 530 temporibus
1314 450 1373 508 tarn

214 558 345 621 celeber
362 561 440 639 erat,
456 561 494 620 ut
508 557 564 620 vel
578 557 821 621 remotissimae
833 556 936 619 Asiae
951 559 1072 638 gentes,
1084 554 1169 618 dona
1184 553 1374 634 frugumque

211 665 375 749 primitias
409 682 447 727 eo
482 663 679 728 conferrent.
724 663 842 745 Itaque
875 658 1028 742 Persae¹)
1064 677 1204 743 quoque,
1240 677 1317 722 cum
1345 660 1374 720 in

213 772 387 835 Graeciam
408 771 699 854 proficiscerentur
716 775 750 834 et
763 771 889 854 templa
912 771 1048 834 deorum
1071 767 1177 832 multa
1192 768 1373 851 diriperent

211 883 324 942 tamen
345 878 429 942 Delo
452 880 607 962 religiose
630 882 860 963 pepercerunt.

303 985 385 1050 Oum
400 986 501 1068 igitur
516 983 643 1049 Dianae
665 990 784 1048 natura
806 987 984 1068 praecipue
1007 985 1045 1047 in
1066 983 1203 1047 creandi
1225 981 1375 1046 facultate

210 1094 319 1175 posita
357 1096 453 1174 esset,
489 1091 523 1155 id
554 1094 632 1156 anni
661 1096 792 1175 tempus
823 1094 894 1156 eius
926 1109 1056 1154 sacrum
1090 1090 1286 1170 habebatur,
1321 1105 1374 1168 quo

213 1200 359 1262 maxime
382 1203 518 1264 naturae
547 1201 732 1263 immanens
759 1201 811 1262 vis
841 1217 877 1262 se
908 1198 1055 1282 praebet,
1085 1216 1207 1280 nempe
1236 1213 1374 1259 vernum.

215 1305 284 1381 Qua
309 1306 349 1368 de
375 1323 474 1369 causa
496 1308 630 1388 mensis,
660 1308 717 1388 qui
746 1307 835 1370 circa
857 1324 997 1370 vernum
1021 1305 1277 1387 ‘aequinoctium
1307 1306 1376 1380 erat,

217 1405 414 1492 Ἀρτεμίσιας,
437 1411 557 1476 Dorice
578 1405 784 1495 Ἀρταμίαιος,
808 1414 863 1476 vel
880 1405 1080 1493 Ἀρτεμισιώα
1100 1410 1157 1474 vel
1181 1402 1377 1488 Μουααχαὶν

212 1515 483 1602 nominabaturi).
1089 1529 1092 1536 '

301 1623 453 1707 Denique
478 1627 576 1690 huius
599 1625 725 1689 Dianae
755 1643 849 1689 sacra
872 1626 943 1688 avis
967 1627 1038 1688 erat
1062 1625 1227 1703 cotumix‚
1252 1623 1331 1704 quia
1352 1625 1379 1684 ot

212 1734 300 1796 veris
332 1733 435 1796 index
464 1737 528 1813 est,
562 1738 596 1796 et
622 1734 739 1816 pullos,
773 1735 831 1815 qui
860 1733 957 1796 multi
993 1749 1066 1795 esse
1103 1731 1227 1812 solent,
1262 1713 1404 1792 eximia

214 1857 293 1903 cura
324 1835 453 1920 fovet³).
500 1839 618 1921 Itaque
649 1838 830 1923 Orthygiae
860 1839 1003 1919 insulae,
1040 1857 1124 1919 quae
1157 1838 1197 1901 ab
1232 1838 1296 1900 bac
1327 1853 1379 1898 ave

212 1963 333 2009 nomen
361 1947 536 2028 duxerunt,
565 1948 648 2010 item
676 1947 802 2010 Dianae
829 1965 948 2010 sacrae
977 1963 1050 2008 esse
1078 1940 1322 2027 putabantur⁴)‚
1354 1946 1381 2006 et

214 2055 287 2135 ipsa
310 2053 372 2116 dea
393 2045 562 2132 Ὀρτυγίας
587 2071 767 2136 cognomen
790 2047 958 2135 recepit⁵).
1421 2048 1422 2055 '

303 2158 352 2224 De
376 2161 515 2242 reliquis
538 2159 665 2224 Dianae
690 2159 850 2241 symbolis
870 2159 1034 2242 imprimis
1050 2157 1207 2240 Ephesiis
1231 2158 1382 2222 disseruit

216 2266 357 2330 Guhlius
381 2265 515 2349 (Ephes.
538 2287 568 2350 p.
591 2268 635 2330 90
658 2266 748 2349 sqq),
780 2265 821 2330 de
853 2265 970 2348 apibus
1001 2283 1080 2328 vero
1112 2264 1266 2328 conferre
1298 2266 1383 2327 iuvat

214 2373 386 2455 Wenigeri
414 2375 680 2457 disputationem,
709 2392 807 2456 quam
830 2375 1001 2457 inscripsit
1029 2364 1109 2435 ‘Zur
1133 2370 1309 2452 Symbolilr
1332 2371 1383 2434 der

213 2473 326 2542 Biene'
351 2478 474 2562 (Progr.
497 2498 607 2562 gymn.
630 2479 789 2546 Elisabet
835 2481 924 2542 Vrat.
950 2478 1055 2559 1871).

302 2585 521 2649 Transeamus
544 2587 612 2649 iam
634 2586 674 2650 ad
691 2586 829 2650 alteram
844 2588 1005 2649 naturalis
1022 2584 1148 2649 Dianae
1170 2587 1384 2669 provinciam,

217 2694 311 2756 cuius
334 2694 459 2756 iamin
483 2692 708 2775 superioribus
726 2693 901 2775 aliquoties
918 2693 1122 2757 mentionem
1145 2691 1259 2756 facere
1284 2692 1385 2756 coacti
1433 2755 1434 2764 ,

217 2819 339 2883 sumus,
363 2801 497 2864 cumin
520 2800 660 2883 singulis
685 2799 830 2863 cultibus
854 2799 939 2863 duae
962 2801 1103 2863 virmtes
1118 2817 1185 2863 non
1202 2800 1301 2864 modo
1325 2817 1385 2862 non

216 2907 407 2990 diremptae,
432 2907 490 2971 sed
507 2908 700 2971 coniunctae
723 2907 856 2970 fuerint.
888 2908 999 2988 Aqua
1018 2905 1146 2970 Dianae
1169 2905 1386 2970 dominationi

214 3020 389 3100 propterca
416 3014 567 3079 subiecta
599 3019 658 3095 est,
692 3014 778 3096 quod
811 3016 884 3078 sine
917 3015 1010 3095 aquis
1042 3013 1136 3075 nulla
1168 3031 1327 3095 agrorum
1358 3017 1387 3076 et

215 3122 372 3184 silvarum
396 3121 552 3209 fertilitas
577 3139 653 3186 esse
674 3126 790 3205 potest.
828 3120 989 3185 Primitus
1004 3121 1107 3203 igitur
1122 3118 1230 3182 Diana
1247 3120 1387 3185 fontium

216 3232 249 3290 et
271 3224 448 3308 rivorumss)
478 3233 511 3292 et
534 3230 666 3292 lacuum
690 3229 753 3292 dea
777 3232 855 3310 erat,
883 3232 1000 3311 postea
1023 3245 1101 3290 vero
1133 3227 1206 3290 eius
1237 3229 1387 3310 regimen

218 3335 319 3397 etiam
335 3335 372 3396 in
384 3353 475 3398 mare
489 3336 636 3419 patebat,
653 3353 753 3419 quaro
764 3335 932 3400 Hesiodus
948 3333 1079 3417 (Theog.
1091 3353 1121 3395 v.
1133 3331 1211 3414 413)
1223 3332 1388 3399 Hecatam

214 3440 301 3504 dixit
323 3442 441 3520 μοῖραν
462 3434 543 3521 ἔχειν
557 3439 649 3521 γαίης
663 3460 696 3502 τε
711 3437 764 3502 καὶ
779 3434 965 3522 ἀτρυγέτοιο
980 3435 1155 3521 θαλάσσης,
1180 3441 1389 3524 eandemque

216 3551 249 3611 et
264 3545 455 3630 Neptunum
472 3546 663 3628 conjunctos
678 3550 853 3610 nautarum
869 3544 1024 3630 precibus
1039 3546 1187 3610 invocari
1194 3543 1228 3627 ⁷).
1259 3547 1389 3614 Deinde

287 3702 308 3772 ¹)
330 3705 364 3760 cf.
383 3704 485 3759 Herod.
504 3703 552 3770 VI,
570 3703 613 3758 97.

286 3791 307 3862 ²)
326 3793 472 3858 Preller,
491 3793 580 3862 Myth.
600 3791 645 3847 Gr.
664 3792 685 3859 1,
705 3810 731 3862 p.
751 3792 812 3846 241.

287 3881 308 3951 ³)
327 3883 361 3964 ct
388 3882 577 3948 Steinthal,
610 3882 740 3936 Zeitschr.
769 3881 814 3935 sur
838 3882 1003 3952 Psycholog.
1030 3882 1088 3936 und
1115 3881 1390 3952 Sprachwissensch„

214 3973 248 4038 H'
267 3973 365 4129 pipp·
381 4061 518 4126 unirer,
538 4061 572 4114 aa
592 4059 655 4114 nor.
674 4058 695 4124 1,
714 4075 742 4128 p.
761 4058 826 4114 aar:
858 4059 938 4114 rins.
958 4057 1039 4116 uem.
1057 4060 1078 4125 1,
1098 4061 1123 4115 a

287 4148 309 4216 ⁶)
328 4149 411 4218 Soph.
430 4149 527 4204 Tracb.
545 4159 571 4205 r·
591 4149 652 4203 212.
744 4165 745 4172 ¹

288 4237 312 4304 ⁸)
331 4239 365 4294 ct'.
384 4239 483 4294 Catull.
503 4241 545 4305 34,
564 4257 590 4294 v.
610 4238 655 4293 12:
674 4233 806 4292 ‘amnium
825 4236 954 4295 domina'.

255 4321 257 4326 ¹
290 4325 310 4398 ⁷)
329 4327 394 4383 Hes.
426 4327 476 4382 Th.
502 4347 528 4384 v.
551 4329 620 4382 ¹440:
656 4324 702 4378 aul
728 4329 787 4386 τοῖς
810 4323 837 4378 οἳ
859 4324 979 4394 γλαυκὴν
1005 4323 1193 4394 δυσπέμφελον
1220 4321 1391 4398 ἐργάζονται,

216 4413 339 4486 εὔχονται
356 4409 455 4486 Ἑκάτῃ
473 4415 519 4468 καὶ
536 4412 670 4486 ἐρικτύπῳ
686 4409 868 4486 Ἐννοσιγαίῳ.
1041 4435 1042 4438 ’
