2872 4868
641 28 682 88 77

50 235 272 316 .,,ο1βνσλλεια
293 239 498 318 nominatur,
522 239 646 322 optime
670 238 834 320 convenit,
859 256 933 302 oum
956 237 1086 302 leonem
1108 243 1243 322 propter

73 345 283 408 maiestatem
306 348 340 409 et
361 345 461 410 robur
485 346 581 428 quasi
608 364 748 429 regnum
775 345 959 410 bestiarum
981 344 1130 409 obtinere
1155 345 1241 409 arbi-

72 447 237 531 tremur1).
274 450 538 516 Reminisoamur
554 457 666 516 autem
681 452 794 518 leones
814 453 850 516 in
866 453 1054 518 simulacris
1070 455 1105 516 et
1120 452 1242 516 litteris
1288 439 1290 442 ’

69 560 221 642 proprios
251 577 326 624 esse
348 558 462 624 Rheae
487 555 681 641 cybela02),
714 578 812 642 quam
833 558 1014 642 Phrygiam
1037 558 1134 624 deam
1157 559 1241 622 anti-

71 666 252 747 quissimae
283 664 410 731 Dianae
447 668 654 732 consimilem
691 666 796 732 fuisse
835 666 1054 750 probavimus.
1108 663 1238 729 Deinde

69 772 218 855 Callisto,
235 773 264 836 si
273 772 468 857 Euripidem
484 769 684 856 sequimur³)
700 792 767 838 non
785 775 821 837 in
835 792 948 837 msam
964 772 1022 838 sed
1036 773 1073 834 in
1087 772 1239 834 leaenam

68 883 270 943 commutata
294 883 353 961 est,
376 879 464 944 unde
480 880 589 943 facile
614 880 728 963 colligi
742 884 852 964 potest
868 880 968 944 etiam
983 879 1097 943 leones
1112 876 1239 941 Dianae

67 1005 180 1051 sacros
203 987 317 1051 finisse.
364 985 447 1050 Tum
471 988 708 1069 antiquissima
729 985 857 1050 Dianae
881 990 997 1050 extant
1017 988 1239 1065 monumenta,

65 1095 102 1157 in
126 1093 248 1175 quibus
264 1093 327 1158 dea
341 1094 466 1175 leones,
490 1093 546 1158 rel
562 1094 695 1158 leonem
712 1097 746 1157 et
760 1093 923 1176 pardalim
939 1094 1082 1158 aliamve
1096 1093 1240 1158 bestiam

64 1200 221 1264 manibus
253 1199 411 1264 cohibens
442 1198 520 1264 fieta
549 1196 646 1282 att),
680 1200 778 1282 quale
809 1199 969 1266 describit
993 1200 1176 1264 Pausanias
1203 1201 1240 1263 in

64 1325 143 1370 arca
176 1301 351 1390 cypseli⁵).
404 1305 606 1389 Plerumque
644 1308 730 1371 tales
761 1306 886 1390 figurae
919 1308 1027 1372 alatae
1058 1311 1164 1390 eraut,
1203 1309 1241 1370 ut
1310 1319 1311 1322 ’

61 1414 173 1477 noetis
189 1414 296 1477 tutela
311 1413 373 1478 alis
389 1413 633 1496 significaretur
649 1409 704 1498 (of.
716 1432 748 1498 p.
762 1416 804 1478 48
818 1412 886 1495 sq).
913 1413 1049 1478 Falsum
1060 1432 1139 1478 vero
1155 1415 1238 1478 mihi

64 1521 199 1584 videtur
216 1539 290 1584 esse
307 1539 363 1584 eas
378 1519 501 1603 figuras
513 1520 666 1586 Persicas
678 1520 802 1584 Dianas
817 1521 996 1584 nominare.
1032 1517 1237 1601 Quamquam

64 1629 157 1691 enim
180 1627 243 1691 hoo
263 1628 397 1692 schema
412 1628 598 1692 Asiaticam
609 1629 886 1712 compositionem
901 1628 977 1708 olet,
1000 1631 1112 1691 tamen
1127 1645 1236 1709 neque

64 1737 201 1799 omnino
233 1735 431 1816 Assyricum
462 1755 543 1819 opus
574 1738 775 1820 putaverim,
810 1754 933 1818 neque.
953 1735 989 1798 id
1020 1733 1164 1799 Graecos
1197 1733 1238 1798 ab

62 1842 217 1921 Assyriis
240 1845 405 1908 mutuatos
430 1860 503 1907 esse
528 1841 675 1924 probem.
717 1840 804 1905 Satis
825 1843 916 1906 enim
938 1842 1054 1907 multis
1078 1840 1238 1906 Graeciae

62 1949 148 2012 locis
172 1948 254 2012 talia
271 1949 365 2032 signa
388 1951 526 2013 inventa
550 1952 627 2012 sunt
650 1953 684 2011 et
705 1948 870 2030 plurimae
894 1947 1043 2012 eiusdem
1058 1947 1237 2012 schematis

64 2054 351 2119 conformationes
369 2059 497 2138 extant,
530 2074 605 2120 oum
633 2073 699 2118 nou
727 2055 834 2120 solum
857 2054 1085 2138 quadrupedes
1107 2053 1236 2118 bestiae
1263 2051 1264 2056 ’

62 2162 123 2226 sed
156 2163 259 2226 etiam
287 2181 364 2225 aves
394 2162 435 2226 ad
463 2162 549 2226 deae
574 2161 697 2245 figuras
725 2161 858 2226 additae
889 2162 963 2225 sint.
1007 2160 1125 2243 itaque
1155 2161 1238 2224 anti-

65 2269 245 2350 quissimos
269 2266 413 2332 Graecos
442 2268 523 2332 talia
552 2263 766 2334 monumenta
789 2269 878 2349 ipsos
902 2267 1099 2347 confecisse,
1114 2268 1237 2349 iisque

65 2376 239 2439 notionem
261 2373 418 2438 tribuisse
441 2393 550 2456 neque
573 2379 702 2438 tantum
726 2377 775 2438 eis
797 2379 835 2438 ut
854 2376 1055 2438 ornamentis
1069 2393 1146 2438 usos
1164 2391 1237 2437 esse

60 2481 180 2564 negari
210 2498 276 2543 non
302 2484 425 2563 potest.
471 2483 527 2544 Au
557 2500 667 2544 arcam
696 2481 830 2564 Cypseli
859 2499 879 2543 a
904 2481 1079 2563 peregrino
1110 2477 1237 2542 artifice

64 2587 253 2652 confectam
284 2605 357 2652 esse
387 2590 443 2650 aut
470 2588 506 2650 in
534 2606 575 2650 ea
597 2589 751 2652 asiaticas
775 2586 904 2650 fabulas
929 2587 1110 2650 delineatae
1132 2583 1237 2648 inisse

63 2693 203 2760 censes?

139 2867 161 2936 ¹)
181 2868 215 2923 cf.
234 2869 337 2924 Herod.
357 2869 390 2938 V,
410 2869 443 2923 52
461 2868 487 2939 β.
525 2869 623 2924 Aesch.
642 2872 695 2940 Ag.
713 2888 758 2924 nv.
778 2869 837 2936 717,
857 2867 935 2925 1258.

138 2955 160 3025 ²)
180 2956 331 3024 Preller,
349 2958 439 3027 Myth.
459 2957 505 3014 Gr.
524 2957 546 3024 1,
565 2976 592 3029 p.
607 2957 666 3013 539.

137 3043 158 3114 ⁸)
178 3046 241 3102 Hel.
260 3065 285 3100 v.
305 3045 366 3102 879.

134 3133 159 3201 ⁴)
178 3133 259 3189 Hanc
268 3135 420 3191 leontioam
429 3137 519 3200 deam,
535 3147 619 3204 quam
632 3136 663 3190 in
673 3135 766 3192 Attico
782 3138 811 3191 et
819 3136 983 3208 Tanagraea
998 3138 1073 3194 cultu
1081 3137 1237 3206 reperimus

61 3223 107 3292 (ef.
127 3223 248 3290 (lonae,
273 3225 442 3294 Archtolog.
460 3226 548 3294 Zeitg.
570 3224 647 3291 1880,
665 3225 732 3281 fasc.
749 3224 771 3290 Ι,
789 3244 817 3295 p.
832 3225 845 3279 l
865 3225 952 3296 sqq),
976 3227 1097 3282 Deorum
1115 3226 1234 3281 Matrem

62 3312 230 3385 appellabat
242 3312 365 3379 (lonae,
378 3314 587 3369 Wieselerus
600 3314 744 3381 Hecatam,
763 3315 893 3382 equidem
903 3317 1001 3371 malim
1012 3314 1234 3383 antiquissimam

61 3402 195 3458 Dianam.
225 3401 381 3458 Posteriore
399 3406 494 3458 autem
513 3405 640 3474 tempore
658 3403 689 3457 in
705 3403 783 3469 solio,
804 3405 847 3458 oui
860 3404 999 3472 utrimque
1010 3405 1104 3459 leones
1115 3404 1234 3470 adstant,

62 3493 161 3547 sedens
180 3492 245 3546 ficta
263 3493 312 3546 est.
343 3490 547 3561 Comprobatur
564 3493 634 3546 haec
646 3491 787 3546 sententia
798 3492 978 3563 inscriptione
990 3493 1042 3547 tali
1053 3494 1234 3547 monumento

60 3580 167 3648 addita,
186 3581 220 3635 de
237 3596 294 3648 qua
310 3579 344 3634 of.
357 3581 497 3633 Μουσεῖον
514 3577 561 3632 καλ
573 3578 735 3650 βιβλιοθήκῃ
754 3581 803 3646 τῆς
821 3574 975 3648 εὖαγγελικῆ
987 3580 1082 3647 σχολῆς
1099 3580 1233 3649 Smyrnae

62 3667 141 3724 1880.
178 3669 239 3724 Per.
257 3669 307 3736 III,
325 3687 353 3738 p.
372 3667 437 3733 163,
462 3668 512 3722 ubi
535 3669 585 3722 sub
603 3687 630 3722 n.
648 3663 700 3722 τλά
721 3668 865 3738 inscriptio
889 3668 1082 3736 promulgatur
1100 3666 1234 3738 Δήμητρα

62 3787 95 3798 -
114 3752 237 3827 Ἄρτεμις
259 3785 293 3794 -
313 3757 401 3826 Νίκη,
427 3772 500 3824 quae
522 3756 610 3813 verba
631 3757 763 3826 leguntur
786 3751 952 3812 ὁποκοὶτωθι
975 3752 1135 3824 ἄναγλύφον
1155 3773 1235 3823 καρι-

60 3839 268 3916 στῶντοςέντῷ
278 3839 555 3916 μέσῳμὲνγνναῖκα
566 3840 726 3912 καθημένην
737 3837 1001 3914 ἐπλθοόνοαΰπὸ
1018 3839 1235 3896 deiciebatur

60 3927 314 4004 βασταζόμενον
330 3928 377 3983 καὶ
394 3925 533 4000 φέρουσαν
550 3925 595 3984 ἐπὶ
611 3931 660 3999 τῆς
677 3931 798 4000 κεφαλῆς
814 3927 930 4000 στέμμα,
950 3928 1072 3998 δεξιόθεν
1092 3926 1122 3984 δὲ
1139 3924 1234 3999 ἑτέραν

60 4014 207 4086 ἱσταμένην
225 4019 253 4071 et
272 4031 343 4084 quae
361 4023 523 4086 sequuntur.

135 4102 369 4172 Β11111118
392 4104 439 4159 καὶ
460 4106 493 4176 τῇ
516 4101 566 4173 μὲν
590 4108 666 4181 δεξιᾷ
686 4106 790 4177 κατέχει
813 4105 956 4177 πάρδαλιν,
979 4108 1012 4180 τῇ
1036 4103 1067 4162 ob
1085 4103 1163 4180 ἑτέρᾳ
1179 4107 1235 4157 τῶν

59 4193 162 4264 χειρῶν
177 4187 281 4245 λέοντα.
