2872 4868
635 27 676 89 63

158 235 291 300 Deinde
315 238 350 300 in
373 235 631 321 Leucophrynes
653 243 785 302 temeno
808 257 909 322 prope
924 237 1131 321 Magnesiam
1146 239 1239 303 lacus

68 343 203 426 tepidae
228 362 333 424 aquae
358 341 456 426 erat¹)
482 349 515 408 et
539 344 832 428 Thermopylarum
854 346 934 408 litus
956 345 1082 408 Dianae
1106 363 1240 410 sacrum

65 449 172 514 fuisse
207 448 389 533 Sophocles
421 451 518 514 testis
554 455 604 514 est
637 453 675 515 in
709 450 860 516 Trachin.
893 471 923 514 v.
960 453 1022 515 635
1052 469 1121 533 sqq.
1156 452 1239 516 haec

64 558 211 621 locutus:
380 604 385 617 .
409 605 416 619 .
440 606 447 618 .
471 554 507 619 οί
523 575 556 618 τε
578 551 697 636 μέσσαν
1288 577 1290 582 ’

114 659 134 678 ”
377 659 511 742 Μηλίδα
533 653 598 741 κὰρ
620 660 737 741 λίμναν

377 748 621 845 χρυσαλακάτου
646 758 668 826 τ’
693 758 936 846 caetratique,

377 862 444 930 ἔνθ’
463 860 626 930 Ἐλλάνον
648 860 764 948 ἀγοραὶ

375 967 554 1044 Πυλάτιδες
575 964 729 1036 κλέονται.

156 1094 313 1175 Denique
336 1113 438 1179 prope
461 1094 647 1177 Phigaliam
670 1096 706 1157 in
726 1093 881 1177 Arcadia,
903 1092 963 1157 ubi
986 1093 1240 1159 celeberrimum

62 1200 202 1284 Dianae,
236 1219 321 1283 quae
343 1201 582 1282 Eurynoma
609 1201 848 1283 nominabatur,
878 1200 993 1264 fanum
1022 1205 1101 1284 erat,
1134 1202 1241 1285 tepidi

63 1310 175 1373 fontes
195 1313 229 1372 et
244 1308 383 1372 balneae
401 1303 533 1390 erant2),
558 1327 659 1390 quare
677 1309 776 1372 etiam
791 1309 880 1371 hunc
895 1309 1100 1392 singularem
1114 1310 1241 1373 cultum

62 1419 99 1480 in
107 1415 240 1480 Dianae
252 1415 413 1478 naturalis
426 1415 508 1478 deae
520 1415 717 1498 religionem
728 1415 889 1478 facillime
900 1417 1238 1498 insererepossumus.

63 1521 320 1606 Obstupuerunt
341 1523 536 1606 plerumque
558 1523 625 1584 viri
648 1521 737 1586 docti
758 1523 795 1584 in
811 1541 858 1604 eo,
883 1522 970 1603 quod
986 1523 1118 1604 signum
1133 1521 1239 1602 Eury-
1302 1557 1304 1566 .

62 1648 185 1694 nomae
215 1630 353 1694 minime
378 1627 503 1693 Graeco
534 1647 625 1692 more
656 1617 894 1692 conformatum
922 1631 1019 1710 esset,
1048 1647 1124 1692 eum
1151 1628 1239 1691 infra

61 1739 166 1820 p1scis
195 1736 375 1817 imaginem
409 1735 584 1818 praeberet
618 1737 729 1798 aureis
761 1737 904 1799 vinculis
934 1731 1238 1819 cneumligatam³).

63 1843 277 1925 Quamquam
299 1843 382 1924 haec
406 1843 535 1925 species
559 1842 603 1906 ab
623 1843 746 1905 usitata
768 1840 894 1905 Dianae
924 1842 1029 1906 forma
1056 1841 1153 1906 valde
1182 1841 1238 1904 ab·

62 1953 191 2032 horret,
227 1947 314 2031 quod
345 1950 412 2011 iam
445 1947 629 2012 Pausanias
664 1947 846 2030 adnotavit,
884 1953 996 2012 tamen
1027 1951 1237 2038 peregrinam

61 2059 167 2122 totius
201 2056 309 2119 cultus
338 2057 509 2138 originem,
539 2073 615 2118 cum
644 2058 761 2118 natum
788 2053 869 2117 deae
901 2061 934 2117 et
960 2073 1080 2119 nomen
1110 2054 1237 2120 Dianae

63 2183 125 2246 par
149 2159 233 2242 siit),
256 2160 396 2246 probare
420 2180 487 2224 non
508 2155 723 2245 possumus5).
767 2157 806 2222 Id
826 2164 956 2223 tantum
981 2161 1118 2224 concedi
1140 2180 1237 2244 posse

61 2271 196 2335 videtur
221 2270 351 2352 signum
376 2268 461 2330 deae
484 2267 638 2348 mirabile
662 2248 771 2331 alieno
795 2285 813 2329 e
838 2267 929 2330 cultu
949 2272 1121 2351 receptum
1137 2286 1239 2350 quon-

62 2378 138 2440 dam
178 2371 283 2456 essess)
322 2375 393 2438 sive
427 2373 556 2438 Cretico
592 2376 663 2438 sive
696 2374 854 2438 Asiatico.
905 2372 947 2438 In
981 2375 1112 2440 Cretico
1148 2377 1238 2440 enim

61 2483 269 2564 Dictynnam
293 2481 437 2545 similem
461 2483 608 2564 speciem
632 2483 814 2564 antiquitus
835 2481 1029 2564 praebuisse
1054 2486 1087 2546 et
1116 2501 1237 2546 nomen

63 2594 99 2653 et
132 2584 299 2668 fabmae⁷)
333 2607 393 2652 nos
429 2587 547 2651 docere
564 2593 726 2671 possunt.
776 2587 875 2674 Apud
904 2586 1089 2652 Phoenices
1126 2593 1236 2652 autem

61 2697 221 2760 similiier
245 2696 447 2758 conformata
471 2699 542 2758 erat
565 2695 627 2758 dea
649 2693 810 2768 Dercetis,
839 2712 924 2775 quae
954 2713 1053 2777 supra
1082 2695 1236 2777 feminae,

66 2803 155 2866 iufra
177 2803 281 2886 piscis
305 2803 451 2885 speciem
467 2802 627 2885 praebere
642 2801 825 2885 putabatur.
870 2799 993 2890 Itaque
1004 2802 1087 2866 deae
1104 2803 1236 2885 signum

137 3048 159 3116 1)
179 3049 306 3118 Xenoph.
326 3048 400 3102 Hell.
418 3047 467 3115 Ill,
486 3048 511 3105 2.
531 3049 572 3102 19.

81 3145 82 3148 ’
136 3135 158 3204 2)
177 3137 208 3192 P.
227 3136 302 3203 VIII,
321 3137 363 3200 41,
381 3138 413 3192 4:
439 3137 568 3198 Σταδίοις
590 3133 620 3190 δὲ
643 3132 707 3192 ὅσον
729 3135 836 3190 δώδεκα
854 3132 980 3204 ἀνωτέρω
1001 3137 1129 3206 Φιγαλίας
1146 3137 1237 3208 θερμοί

59 3224 89 3281 τέ
112 3215 168 3279 ἐστι
190 3221 303 3293 λουτρά,
326 3221 494 3277 καὶτούτων
517 3218 550 3276 οὗ
568 3221 664 3292 πόρρω
680 3220 800 3278 κάτεισιν
822 3217 838 3275 ὁ
856 3222 954 3290 Λύμαξ
977 3219 1004 3285 ἐς
1020 3220 1071 3293 τὴν
1090 3223 1195 3280 Νέδαν·
1219 3219 1236 3295 ,ἦ

60 3310 91 3367 δὲ
118 3309 299 3382 συμβάλλουσι
324 3307 359 3364 τὰ
385 3309 520 3380 ῥεύματα,
548 3307 603 3364 ἔστι
622 3311 672 3379 τῆς
695 3305 860 3379 Εὐρυνόμης
883 3307 915 3364 τὸ
938 3310 1020 3379 ἱερόν,
1048 3306 1128 3378 ίίμιόν
1154 3331 1183 3366 τε
1207 3309 1237 3366 ἐκ

59 3401 182 3454 παλαιοῦ
202 3403 230 3454 et
249 3417 276 3467 q·
294 3416 351 3466 seq.

118 3486 158 3556 '³)
177 3489 207 3542 Ρ.
226 3489 301 3554 VIII,
320 3487 364 3551 41,
383 3487 408 3541 6.

135 3575 157 3642 ⁴)
175 3575 371 3646 cupressorum
389 3577 466 3630 lucus
484 3575 659 3630 densissimus
678 3577 865 3632 circatorum
883 3580 950 3631 erat.

135 3662 157 3732 ⁵)
178 3664 212 3720 cf.
230 3664 348 3732 Starlr,
372 3663 457 3733 Gaza,
481 3682 509 3733 p.
528 3663 589 3719 290.
626 3665 660 3720 cf.
682 3666 827 3734 praeterea
849 3665 1003 3732 Oreuzer,
1030 3666 1176 3736 symbolik
1201 3668 1235 3735 II,
1266 3675 1268 3678 '

59 3772 87 3824 p.
109 3753 169 3810 583.
207 3753 362 3821 Lobeck,
381 3753 520 3822 Aglaoph.
540 3770 567 3821 p.
586 3751 648 3807 398.
684 3753 851 3820 Wclcker,
870 3754 889 3810 l.
909 3755 928 3811 l.
946 3755 967 3820 I,
985 3773 1013 3826 p.
1033 3757 1093 3816 589.

135 3840 155 3910 6)
174 3841 348 3897 Berolinensi
371 3843 401 3898 in
426 3857 520 3896 museo
544 3857 685 3910 gemmam
708 3842 766 3896 vidi
790 3861 879 3912 nuper
896 3844 1031 3899 adscitam
1050 3846 1141 3910 (catal.
1160 3867 1236 3904 num.

59 3951 118 3988 non
137 3929 217 4000 legi),
236 3947 307 3997 quae
325 3932 398 3987 bano
416 3931 603 3999 Eurynomam
623 3929 753 3986 exhibere
778 3932 846 3986 mihi
871 3915 988 3986 videtur.
1025 3934 1141 3991 Femina
1160 3939 1235 3992 enim

58 4023 179 4092 apparet
205 4019 323 4073 vinculis
349 4019 542 4088 circumligata
567 4019 597 4072 in
621 4020 726 4089 piscem
750 4035 847 4090 corpus
872 4020 1014 4085 desinens,
1042 4041 1113 4091 quae
1138 4027 1236 4082 dextra

56 4105 214 4178 λαγωβόλον
231 4108 417 4176 amplectitur,
437 4108 511 4174 quod
528 4108 600 4162 nihil
618 4109 672 4162 nisi
690 4108 795 4162 Dianae
814 4109 970 4177 symbolum
991 4127 1048 4167 esse
1066 4117 1166 4182 potest.

134 4195 155 4264 ⁷)
175 4195 206 4248 P.
226 4193 261 4260 Il,
280 4195 323 4259 30,
342 4196 367 4251 3.
404 4194 513 4251 Gallim.
532 4195 567 4252 Η.
586 4198 616 4251 in
635 4197 715 4253 Dian.
734 4213 760 4251 v.
780 4194 830 4250 189
849 4213 910 4264 sqq.
