2872 4868
787 243 829 307 68

701 331 913 340 ..ι-...η--ι

314 451 471 534 Ilithyiae
500 457 609 518 statua
631 455 735 538 Aegis
762 457 871 537 posita
897 455 1006 520 facem
1033 437 1216 538 gerebas),
1247 452 1283 517 id
1304 453 1375 535 quod

223 555 409 624 Pausaniae
433 560 559 624 excitat
582 562 806 625 coniecturam
828 563 938 626 minus
959 559 1175 645 probabilem,
1205 561 1261 623 cui
1281 563 1378 624 tamen

222 666 425 730 recentiores
449 663 711 748 assentiuntnril.
756 666 841 732 Mihi
867 686 947 732 vero
974 667 1071 732 taeda
1092 665 1263 748 Ilythyiae
1289 667 1378 750 signis

115 825 117 828 .
222 774 398 854 propterea
430 772 542 837 addita
573 773 708 838 uidetur
738 790 827 855 esse,
859 774 945 855 quod
973 772 1111 854 ilithyia
1142 775 1239 856 quasi
1265 772 1379 836 Dianae

222 878 369 942 numinis
399 879 563 961 particula
593 883 677 957 erat,
709 881 802 944 cuins
831 879 929 944 taeda
958 881 1091 963 propria
1121 879 1194 944 fnit
1240 878 1381 960 Denique

223 982 331 1050 Diana
361 986 434 1068 ipsa
456 983 614 1066 Ilithyiae
642 987 837 1069 cognomine
870 982 1052 1068 vocatum),
1085 1005 1151 1067 qna
1182 1005 1222 1050 re
1255 986 1382 1050 eandem

222 1090 319 1156 deam
342 1091 481 1156 Dianam
505 1097 539 1156 et
561 1091 732 1174 Ilithyiam
760 1095 861 1158 ctiam
887 1098 1003 1177 postea
1024 1093 1156 1158 habitas
1179 1093 1287 1158 fuisse
1309 1093 1382 1158 indi·

223 1203 325 1264 canu.

312 1321 376 1387 Sed
403 1324 465 1386 hac
492 1323 529 1385 in
555 1341 593 1387 re
627 1322 766 1387 forsitan
800 1324 965 1407 quispiam
991 1327 1098 1408 roget,
1134 1323 1225 1388 unde
1252 1325 1382 1408 pluralis

221 1425 434 1510 Ilithyiamm
449 1446 606 1492 numerus
623 1430 799 1512 exstiterit,
824 1447 900 1493 cum
914 1428 1021 1494 Diana
1043 1428 1224 1513 singularis
1248 1433 1293 1494 sit
1315 1431 1381 1494 dea:

221 1533 376 1616 Ilithyioa
406 1536 496 1598 enim
522 1536 589 1597 iam
618 1534 705 1619 apud
726 1534 909 1599 Homerum
936 1534 1133 1620 leguntur4).
1178 1535 1276 1601 Nihil
1307 1537 1382 1601 diffi-

222 1641 354 1706 cultalis
383 1645 447 1704 est:
479 1660 557 1704 nam
585 1641 641 1704 vel
668 1639 795 1704 Dianae
828 1643 971 1706 nominis
1001 1642 1140 1726 pluralis
1168 1661 1329 1708 numerus
1353 1646 1382 1706 in

220 1749 283 1813 hac
305 1749 378 1832 ipsa
400 1747 610 1829 Ilithyiarum
633 1750 767 1812 notione
795 1749 919 1832 legitur
939 1749 976 1812 in
998 1749 1112 1813 tabula
1134 1748 1346 1816 Lebadeensi
1354 1747 1382 1832 ⁵),

222 1873 306 1937 qnae
342 1859 376 1918 ct
403 1855 564 1918 memoria
593 1857 627 1918 et
655 1855 878 1938 explicatione
913 1855 1108 1939 dignissima
1140 1857 1225 1920 mihi
1260 1859 1383 1922 videtur

221 1979 303 2025 esse.
349 1960 414 2024 Hic
436 1961 576 2045 pluralis
591 1959 771 2024 Dianarnm
794 1979 950 2026 numerus
973 1981 1039 2026 non
1062 1963 1243 2046 depravato
1265 1966 1383 2030 ecultu

219 2068 288 2132 ullo
316 2068 479 2151 originem
508 2067 616 2145 duxit,
653 2066 711 2130 sed
748 2069 980 2150 antiquitatem
1011 2069 1100 2132 olere
1132 2069 1275 2135 videbar.
1322 2069 1383 2146 Qua
1431 2112 1432 2159 ζ

218 2176 346 2238 ratione
376 2175 444 2237 iam
472 2193 571 2257 supra
593 2172 735 2237 Dianam
763 2175 949 2238 natanalem
976 2175 1072 2239 dcam
1099 2177 1136 2239 in
1156 2174 1382 2261 Nympharum

218 2280 495 2345 innumerabilem
523 2281 655 2344 turbam
683 2282 777 2362 quasi
804 2281 1071 2346 dismembratam
1095 2301 1169 2347 esse
1191 2287 1382 2364 notavimus,

219 2387 336 2450 eadem
359 2387 442 2452 baec
467 2386 622 2468 genitalis
647 2387 729 2450 deae
743 2385 881 2450 Dianae
895 2389 1025 2471 species
1047 2389 1084 2452 in
1105 2389 1294 2472 complures
1311 2391 1383 2455 deas
1433 2387 1434 2450 ξ

220 2492 312 2559 abiit.
359 2491 444 2556 Nam
467 2511 560 2555 suam
585 2511 735 2574 quaeque
759 2493 825 2557 sibi
846 2492 971 2558 femina
984 2494 1090 2558 ¹deam
1112 2496 1292 2561 tutelarem
1316 2516 1383 2562 esse
1433 2507 1434 2550 l

217 2594 398 2683 putabat⁶),
438 2616 539 2680 quare
570 2597 606 2662 in
638 2600 831 2663 universnm
864 2601 1003 2684 pluralis
1037 2601 1216 2666 earundem
1255 2604 1384 2668 dearum

216 2724 375 2771 numerus
406 2707 426 2768 i.
452 2723 477 2768 e.
501 2703 628 2768 Dianae
658 2705 714 2769 vcl
742 2703 900 2787 Ilithyiac
929 2703 1130 2791 (Ἀρτέμιδες)
1160 2709 1383 2774 credebantur.

216 2812 310 2876 Haec
345 2813 511 2876 sententia
544 2811 795 2892 antiquissimae
827 2812 1000 2896 religionis
1031 2815 1165 2898 propria
1199 2821 1264 2899 cst,
1303 2817 1383 2900 quod

217 2920 367 2984 homines
395 2918 528 2982 facilius
562 2919 710 3002 singulas
740 2937 795 2983 res
823 2919 1024 3002 discernere,
1058 2939 1156 3003 quam
1178 2941 1293 2988 rerum
1317 2925 1384 2988 uni-

215 3027 410 3090 versitatem
427 3024 600 3108 cogitando
626 3025 802 3108 complecti
824 3029 968 3108 possunt.
1007 3023 1101 3090 Talia
1122 3028 1226 3110 igitur
1249 3032 1384 3093 numina

216 3151 282 3196 non
315 3132 421 3195 solum
453 3131 653 3195 feminarum
690 3130 750 3196 sed
783 3133 884 3196 etiam
914 3133 1055 3196 marium
1085 3134 1243 3198 tutelaria
1277 3143 1312 3201 et
1347 3137 1382 3202 ab

216 3239 309 3301 Ariis
327 3236 556 3317 credebantur,
580 3236 773 3300 Fravashi
788 3236 924 3301 Persice
939 3240 1117 3319 nominata,
1135 3242 1168 3302 et
1184 3259 1204 3303 a
1218 3240 1383 3324 Romanis,

290 3520 310 3588 1)
330 3521 360 3577 Ρ.
374 3521 435 3586 VII,
453 3519 497 3586 23,
510 3520 539 3574 6:
560 3517 705 3592 Bassania
722 3516 752 3576 δὲ
770 3518 932 3582 clusionatus
950 3514 984 3574 ἂν
1002 3517 1071 3576 εἶναι
1089 3523 1185 3596 δᾷδας,
1206 3515 1250 3577 ὅτι
1266 3521 1386 3591 γυναιξ1ν

215 3605 244 3662 ἐν
262 3608 310 3682 ἴσῳ
332 3608 450 3676 καὶπῦρ
467 3606 533 3661 εἰσὶν
550 3605 580 3661 αὶ
598 3604 705 3670 ailivae·
731 3605 816 3676 ἔχοιεν
833 3598 895 3660 δ’ἇν
911 3605 990 3675 λόγον
1007 3607 1054 3662 καὶ
1071 3605 1115 3663 ἐπὶ
1130 3610 1228 3683 τοιῷδε
1246 3610 1278 3664 αἱ
1296 3611 1383 3684 δᾷδες,

215 3689 257 3749 ὅτι
275 3693 419 3751 Εἰλείθυιά
436 3691 506 3748 ἐστὶν
522 3689 541 3761 ἡ
560 3690 587 3757 ἐς
604 3695 665 3763 φῶς
682 3689 787 3763 ἄγουσα
802 3689 868 3754 τοὺς
885 3693 996 3755 παῖδας.

287 3782 309 3850 ²)
329 3784 493 3851 Gathard,
512 3783 655 3840 Prodrcm.
674 3802 702 3855 p.
721 3784 764 3839 33.
801 3782 947 3849 Preller‚
968 3783 1058 3853 Myse.
1077 3783 1123 3840 Gr.
1141 3784 1162 3852 1,
1181 3803 1209 3854 p.
1228 3784 1292 3842 422.

287 3871 446 3943 8)(1.1.(1.
467 3873 544 3940 1537,
569 3872 638 3928 1596
656 3891 696 3941 sq.
732 3871 817 3942 Hym.
836 3871 921 3942 Orpb.
939 3871 975 3940 Il,
998 3891 1023 3928 v.
1043 3873 1085 3928 12.
1121 3872 1285 3932 callimach.
1303 3875 1340 3932 H.
1356 3877 1385 3930 in

213 3963 293 4021 Dian.
314 3982 338 4019 u.
357 3961 401 4019 21.
437 3962 660 4018 Auctoratus.
679 3963 703 4030 6,
722 3963 784 4026 242,
802 3960 864 4018 271.

286 4050 669 4122 carlomannus.

287 4140 449 4209 ⁵)c.1.e.
473 4140 554 4198 1598:
580 4135 683 4212 Ἀναθῇ
705 4138 783 4208 τύχῃ.
819 4145 884 4210 Αυρ.
921 4137 1072 4211 Παρμένων
1094 4137 1140 4194 καὶ
1161 4135 1179 4206 ἡ
1203 4137 1273 4209 γυνὴ
1298 4138 1385 4202 αὐτοῦ

212 4225 278 4301 Aac.
316 4225 445 4296 Εἰσιδότη
460 4223 646 4296 ’Λρτέμισιν
663 4225 791 4330 appione
807 4225 987 4297 χαριστήριον.

286 4314 308 4385 ⁶)
328 4316 362 4372 cf.
375 4315 478 4385 Hymn.
491 4316 576 4385 Orpb.
589 4315 623 4383 ΙΙ,
643 4316 672 4372 6:
690 4332 708 4381 η
727 4311 845 4382 κατέχεις
863 4312 955 4376 οἴκους
972 4311 1092 4378 πάντων,
1110 4333 1145 4372 sc.
1159 4316 1250 4374 Diana
1268 4318 1386 4388 Ilithyia

212 4409 258 4464 vel
275 4407 454 4476 Prothyraea.
