2872 4868
771 219 813 284 32

202 432 326 496 claram
339 435 371 496 61
381 433 588 497 venatricem
606 431 778 496 eeleritate
795 432 953 496 eximiam
968 430 1215 515 praedicabant,
1232 431 1381 495 ethicam

201 541 330 623 recepit
344 540 524 618 notionem,
548 540 584 602 in
602 539 695 602 cultu
709 557 788 602 vero
804 539 992 603 naturalem
1008 537 1132 603 diutius
1149 537 1380 602 conservabat

202 644 411 730 Singularem
435 645 522 730 apud
538 645 721 710 Homerum
741 645 880 729 praebet
895 644 1003 710 Diana
1024 649 1185 728 naturam,
1211 664 1318 727 quare
1342 644 1381 709 de

200 752 339 819 Homeri
363 753 404 818 ad
428 753 526 818 deam
553 752 798 838 pertinentibus
827 754 910 819 locis
940 753 1181 836 dleceptatione
1210 771 1299 836 opus
1323 755 1381 817 est

684 1053 809 1157 Oaput
835 1053 900 1137 IV.

575 1228 624 1299 De
647 1227 847 1302 Homerica
870 1227 1005 1300 Olane.

291 1373 490 1440 Discrimem
521 1377 608 1440 haud
635 1375 882 1461 neglegendum
910 1377 998 1440 inter
1026 1373 1142 1440 Iliadis
1174 1377 1209 1438 et
1231 1372 1383 1456 Odyssea

201 1482 305 1546 verba
328 1482 370 1545 ad
384 1482 526 1547 Dianam
550 1485 734 1567 spectantia
759 1482 942 1548 subsistere
965 1482 1106 1570 videtur,
1131 1482 1219 1564 quod
1233 1483 1383 1548 nondum

203 1591 283 1654 satis
308 1583 478 1673 cognitum
502 1593 560 1654 est.
606 1589 647 1654 Id
669 1592 737 1654 iam
764 1591 912 1655 maxime
939 1589 976 1652 11
1005 1588 1156 1652 formulis
1180 1588 1383 1670 quibusdam

203 1695 444 1779 adiectivisque
467 1696 659 1761 nominibus
683 1699 732 1762 ita
749 1683 894 1781 apparet,
919 1700 957 1760 ut
972 1695 1073 1759 facile
1088 1695 1158 1759 illis
1174 1697 1382 1778 temporibus
1426 1747 1427 1750 ¹

202 1803 245 1868 de
273 1803 381 1867 Diana
408 1805 592 1868 sententias
624 1808 841 1869 commutatas
871 1821 945 1867 esse
973 1802 1158 1886 intellegas.
1204 1800 1317 1866 Diana
1346 1805 1382 1868 11

200 1908 309 1974 Iliade
343 1928 508 1991 nusquam
543 1901 624 1990 ἁγνή
660 1911 861 1995 appellatur,
903 1909 990 1992 quod
1029 1909 1231 1976 adjectivum
1271 1909 1387 1974 eidem

201 2017 329 2080 nomini
344 2018 531 2100 appositum
551 2019 586 2080 in
603 2015 752 2098 Odyssea
775 2021 834 2088 ter¹
848 2018 973 2100 legitur
993 2034 1008 2076 ε
1025 2016 1099 2098 123,
1123 2027 1143 2077 σ
1158 2017 1233 2098 202,
1258 2035 1281 2076 υ
1299 2012 1382 2101 711),

201 2143 312 2207 neque
328 2124 433 2188 verba
456 2113 506 2198 οἷς
528 2117 660 2205 ἀγανοῖς
682 2117 840 2205 βελέεσσιν
861 2124 1023 2208 inpriore
1039 2105 1140 2206 opere
1155 2124 1383 2206 inveniuntur,

203 2249 289 2312 quae
312 2232 349 2295 in
364 2229 514 2313 Odyssea
536 2231 629 2314 legas
653 2232 758 2312 6124,
781 2231 896 2312 1173,
922 2231 995 2312 199,
1020 2231 1129 2312 6411,
1153 2229 1276 2312 quibus
1300 2231 1384 2294 loois

202 2337 348 2400 similem
371 2337 493 2402 addere
515 2355 701 2420 possumus,
724 2349 743 2398 σ
766 2337 842 2420 202,
865 2336 925 2401 ubi
949 2340 1038 2402 sunt:
1067 2326 1384 2415 μσλακὸνοάνατον
1412 2341 1413 2344 ’

203 2434 301 2523 πόροι
315 2435 461 2524 ’Ἄρτεμις
477 2435 569 2523 ἁγνή.
607 2443 737 2507 Deinde
761 2442 825 2508 duo
847 2444 996 2527 epitheta
1012 2442 1213 2508 6116111611
1229 2438 1382 2521 Odyssea

201 2548 332 2609 tantum
347 2544 473 2611 Dianae
489 2548 689 2632 tribuuntur,
703 2567 825 2632 nempe
842 2541 1045 2629 ἐϋπλόκαμος
1060 2567 1081 2608 υ
1098 2549 1150 2630 80,
1172 2551 1207 2612 61
1220 2540 1384 2618 ἑΰσκοπος

202 2651 222 2711 t
253 2647 361 2736 19811-
417 2653 538 2718 Oontra
570 2657 716 2739 respice,
752 2674 837 2737 quae
870 2657 1006 2720 nomina
1041 2656 1077 2718 in
1110 2653 1218 2719 Iliade
1253 2651 1384 2716 Dianae

203 2759 365 2825 attributa
391 2761 428 2824 in
451 2759 600 2842 Odyssea
622 2782 700 2828 non
723 2763 886 2846 legantur.
932 2761 986 2826 Ibi
1013 2765 1066 2826 ter
1088 2754 1253 2842 κελαὸεονή
1277 2759 1383 2824 habes

204 2866 244 2928 Π
263 2868 337 2948 185,
366 2867 396 2926 P
415 2868 467 2951 70,
493 2867 611 2934 Φ1111
636 2874 671 2934 et
698 2870 760 2935 hoc
784 2869 919 2953 quidem
941 2887 1043 2934 versu
1064 2885 1186 2932 nomen
1209 2867 1383 2949 proprium

202 2974 301 3058 plane
325 2974 483 3039 omissum
517 2981 587 3041 est..
632 2975 673 3042 Iu
696 2976 823 3042 duobus
853 2980 965 3044 autem
988 2973 1154 3059 prioribus
1178 2972 1261 3036 locis
1284 2991 1383 3056 prae-

202 3081 349 3165 positum
387 3085 438 3145 est
474 3077 725 3168 χροσηλάκατος,
766 3083 853 3167 quod
892 3085 928 3147 in
961 3081 1110 3164 Odyssea
1145 3078 1252 3143 semel
1285 3097 1384 3144 usur-

203 3191 301 3271 patur
324 3183 464 3269 01223).
499 3187 617 3255 Iliadis
641 3191 785 3273 denique
809 3193 886 3255 sunt
907 3190 1040 3274 propria
1056 3187 1115 3252 sed
1131 3184 1237 3250 semel
1251 3188 1385 3249 tantum

202 3292 331 3357 Dianae
358 3294 549 3361 tribuuntur
574 3290 732 3383 ἀγροτέρα
756 3295 788 3357 Φ
810 3299 890 3380 471,
920 3288 1118 3376 ἐϋστέφανος
1143 3291 1174 3354 Φ
1197 3293 1277 3373 511,
1307 3312 1385 3373 χρυ-

205 3393 317 3481 σήνιος
341 3401 368 3462 Ζ
390 3399 496 3487 2054).
541 3403 632 3469 Duas
660 3406 690 3470 si
719 3405 779 3468 has
807 3402 1047 3467 adiectivorum
1071 3401 1176 3464 series
1201 3416 1385 3482 comparas,

206 3507 338 3571 omnino
363 3512 547 3575 contrariae
569 3511 715 3574 notionis
740 3527 813 3573 esse
838 3527 891 3590 66,
920 3525 1006 3589 quae
1029 3507 1065 3569 in
1087 3503 1194 3569 Iliade
1218 3507 1319 3586 atque
1345 3521 1386 3568 66

206 3631 291 3695 quae
314 3615 348 3678 in
367 3615 515 3699 Odyssea
537 3620 740 3700 usurpantur
762 3615 863 3680 facile
880 3631 1049 3698 agnoscas.
1085 3610 1162 3676 Illic
1176 3610 1385 3674 tumultuosa

207 3723 241 3783 et
274 3725 415 3806 agrestis
456 3723 643 3808 appeDatur
682 3722 843 3807 (epitheta
877 3722 1029 3786 ornantia
1067 3719 1123 3783 hic
1156 3719 1251 3781 111116
1286 3717 1385 3826 pelut

205 3858 420 3876 *—

281 3950 302 4020 ¹)
321 3952 356 4008 cf.
374 3952 403 4008 O.
421 3953 442 4008 Ι.
462 3951 495 4008 G.
515 3951 592 4007 1051.
628 3952 769 4022 Aristoph.
788 3951 897 4007 Thesm.
915 3970 942 4007 v.
959 3949 1020 4005 971.

281 4036 303 4107 ²)
323 4039 432 4096 0611111.
450 4042 478 4097 h.
496 4041 515 4096 i.
532 4041 614 4097 Dian.
632 4060 658 4096 v.
679 4040 739 4097 190.

281 4124 303 4196 ⁸)
322 4126 533 4196 Χρυσηλᾶκατος
544 4145 629 4185 aurea
642 4129 702 4186 colo
714 4130 879 4196 instructum
889 4127 1046 4198 significare
1058 4124 1127 4180 mihi
1140 4122 1252 4192 quidem
1261 4121 1386 4188 videtur,

207 4230 263 4283 qua
281 4218 315 4272 de
334 4233 364 4272 re
376 4217 525 4274 Parcarum
541 4219 661 4275 Dianam
677 4219 798 4274 similem
816 4218 899 4274 fuisse
917 4216 998 4273 nobis
1010 4214 1199 4286 persuadetur,
1217 4228 1280 4266 cum
1298 4211 1386 4268 aliter

208 4305 284 4361 colus
301 4308 338 4361 ad
356 4306 476 4362 Dianam
494 4307 591 4364 referri
609 4325 667 4364 uon
683 4309 779 4377 possit.

280 4390 304 4462 ⁴)
323 4395 365 4451 De
382 4397 497 4453 notione
514 4397 645 4454 vocabuli
664 4397 789 4452 conferas
807 4395 923 4453 Ooebel.
954 4391 1080 4462 116111,
1098 4409 1125 4462 p.
1139 4387 1174 4446 32
1192 4392 1254 4458 sqrp
