2872 4868
771 259 815 322 24

210 490 287 536 cum
316 471 443 537 diceret
474 471 551 554 (1.1.
580 491 609 556 p.
628 473 690 535 377
722 473 795 555 sq.):
824 473 870 538 Es
902 491 992 536 muss
1024 472 1170 538 darnaoh
1204 479 1308 538 etwas
1339 475 1377 538 im
1434 489 1436 499 ’

210 576 335 643 Wesen
350 579 410 644 der
422 577 573 644 Gottheit
584 578 736 664 gegeben
748 581 831 662 sein,
843 579 988 644 welches
1001 578 1056 642 die
1067 578 1261 644 vielfaohen
1272 578 1377 644 Looal·
1428 594 1430 619 ¹

211 703 331 749 namen
363 684 638 766 hervorbraoht03
674 705 752 749 man
790 704 881 750 muss
914 687 964 750 sie
997 686 1070 750 sich
1101 690 1184 750 stets
1214 687 1376 751 innerlich

210 791 405 856 verbunden
432 790 501 854 und
530 791 878 876 armammonhangend
905 793 967 854 mit
994 791 1054 856 der
1077 791 1216 875 Gegend
1243 792 1377 875 gedaoht

209 897 333 981 haben,
365 895 420 962 die
452 898 502 961 sie
531 897 715 964 bewobnte.
762 896 817 962 Sia
847 898 940 962 fdhrt
969 897 1028 962 auf
1053 897 1119 963 den
1139 896 1274 980 Begriff
1294 901 1377 962 einer
1429 916 1436 942 ¹

208 1003 423 1089 Naturgbttin
445 1022 510 1068 von
535 1004 740 1086 tbnliohem,
771 1023 835 1067 nur
866 1005 1141 1087 allgemeinerem
1164 1003 1308 1088 Wesen,
1337 1005 1377 1068 als

210 1111 265 1176 die
280 1108 460 1194 Nymphon
482 1110 542 1175 der
562 1109 683 1195 Berge,
706 1111 834 1193 Flttsse,
857 1109 983 1192 Bache,
1008 1111 1112 1176 daher
1135 1112 1191 1175 oin
1212 1113 1377 1177 einsiohts-
1435 1140 1436 1155 ¹

210 1218 319 1302 ¹vollen
342 1215 519 1282 Gelehrter
548 1217 601 1282 die
631 1216 713 1282 Idee
744 1218 803 1283 der
826 1216 941 1283 Gobin
969 1236 1034 1282 von
1062 1219 1139 1284 dem
1162 1216 1318 1284 Glauben
1344 1239 1378 1282 an

210 1321 388 1406 Nymphon
424 1322 605 1408 abgeleitet
641 1325 699 1390 hat
739 1324 995 1408 (Mitsoherlioh‚
1028 1325 1069 1388 de
1104 1324 1214 1389 Diana
1248 1325 1377 1410 Sospita,
1432 1318 1436 1369 ἵ

211 1427 297 1494 Gott.
325 1429 431 1510 1821).

300 1552 354 1618 Sic
378 1555 445 1620 iam
467 1556 646 1640 principali
668 1555 797 1620 Dianae
820 1560 938 1619 natura
961 1557 1129 1640 explicata
1153 1561 1187 1620 et
1203 1557 1379 1622 distinctio

212 1662 310 1727 nibus
333 1663 480 1746 priorum
511 1664 708 1750 scriptorum
736 1662 891 1732 refutatis
920 1662 961 1727 ad
989 1661 1201 1746 Graecorum,
1234 1663 1378 1746 quaeda

211 1769 271 1833 illa
290 1768 432 1834 traditae
456 1773 542 1852 sunt,
566 1769 750 1834 sententias
767 1771 946 1854 pergimus,
971 1771 1094 1851 quain
1116 1789 1154 1834 re
1176 1772 1325 1853 primum
1345 1770 1378 1834 de

211 1875 443 1958 relationibus,
476 1894 560 1959 quae
587 1877 676 1940 inter
698 1875 839 1940 Dianam
868 1881 902 1941 et
929 1877 1013 1941 alios
1043 1876 1122 1941 deos
1147 1878 1379 1960 cogitabantur,

211 1981 388 2047 dicendum
410 1981 507 2046 nobis
532 1983 603 2047 erit.

693 2280 818 2384 caput
844 2283 908 2365 111.

250 2437 335 2516 boae
358 2438 501 2528 cognatio
524 2437 576 2508 rol
598 2438 798 2510 necessitudo
821 2438 941 2511 Dionos
964 2458 1036 2511 oum
1051 2438 1132 2526 ¹allis
1156 2439 1218 2512 diis
1242 2441 1352 2514 fuerit.

305 2581 407 2660 Quasi
430 2585 472 2649 de
495 2586 612 2666 quovis
636 2586 782 2667 homine,
812 2587 907 2650 cuius
929 2591 1085 2670 parentes
1108 2589 1312 2672 noverimus,
1343 2591 1390 2654 sio

215 2692 256 2757 de
280 2689 388 2755 Diana
409 2693 534 2756 rectius
549 2691 781 2775 iudicabimus,
799 2712 874 2757 cum
897 2694 969 2757 eius
986 2694 1148 2776 originem
1173 2699 1207 2758 et
1222 2698 1391 2779 cognatio·

213 2817 290 2864 nem
313 2799 593 2883 perspexerimus.
634 2798 717 2864 (lum
740 2800 776 2863 in
799 2799 941 2864 decursu
963 2804 1149 2883 temporum
1172 2803 1391 2888 genealogiae

213 2905 350 2972 deorum
373 2911 519 2972 mutatae
543 2907 623 2989 sint,
654 2907 901 2990 antiquissimas
924 2908 1117 2990 restituere,
1147 2909 1177 2972 si
1201 2908 1243 2972 ad
1266 2910 1392 2975 descri-

213 3013 356 3080 bendam
386 3015 605 3098 principalem
641 3013 723 3079 deae
753 3019 905 3078 natiuam
935 3014 1093 3078 adhibere
1120 3014 1198 3078 illas
1226 3017 1390 3100 volumus,

213 3139 274 3184 nos
297 3139 379 3204 opus
403 3125 462 3186 est.

304 3245 413 3328 Vulgo
438 3243 641 3310 Graecorum
667 3251 785 3331 poetae
815 3251 848 3311 et
878 3249 1055 3332 scriptores
1077 3245 1220 3310 Dianam
1242 3245 1335 3312 Iovis
1359 3252 1393 3313 et

213 3350 361 3415 Latonae
398 3350 503 3415 filiam
538 3352 773 3435 Apollinisque
807 3371 952 3417 sororem
994 3372 1067 3417 esse
1101 3352 1248 3434 tradunt,
1291 3372 1393 3436 quam

152 3531 156 3536 ¹
215 3458 447 3542 genealogiam
475 3459 544 3522 iam
567 3460 799 3541 antiquissima
814 3464 936 3524 aetate
958 3455 1128 3543 vulgatam
1155 3459 1260 3523 fuisse
1290 3479 1394 3546 nega·

214 3567 331 3631 verim
377 3563 462 3631 Nam
494 3585 569 3632 oum
591 3565 700 3631 Diana
731 3568 791 3631 illa
815 3567 1045 3649 antiquissima
1076 3566 1192 3631 eadem
1221 3585 1260 3630 ao
1282 3565 1392 3632 Dione

166 3669 167 3672 ’
216 3671 395 3738 Dodonaea
417 3673 527 3755 fuerit,
551 3673 641 3738 lovis
664 3691 757 3754 uxor,
781 3692 848 3737 non
871 3672 942 3736 filia
964 3673 1078 3738 habita
1101 3673 1145 3737 sit
1167 3691 1307 3737 neeesse
1332 3678 1392 3739 est

213 3779 363 3845 Primum
394 3782 528 3863 quidem
559 3782 615 3845 vel
644 3799 687 3845 ex
718 3799 757 3845 eo
788 3780 851 3843 hoo
875 3781 989 3865 colligi
1011 3784 1134 3865 petest,
1166 3779 1252 3863 quod
1277 3800 1393 3863 quem·

216 3888 390 3953 admodum
413 3887 540 3972 Iupiter
569 3889 715 3953 omnium
737 3905 850 3951 rerum
873 3906 993 3971 parens
1017 3885 1213 3969 habebatur,
1245 3887 1295 3951 sic
1322 3889 1393 3952 vim

214 3997 323 4057 terrae
345 3996 585 4060 immanentem
601 3996 696 4078 quasi
712 3994 894 4060 femineam
910 3995 1109 4079 cogitabant,
1134 4013 1177 4058 ex
1200 4011 1265 4074 qua
1283 4000 1392 4059 matre

216 4101 326 4163 omnia
348 4106 573 4184 procreentur.
614 4099 731 4183 Itaque
748 4103 939 4185 coniugium
963 4099 1127 4184 quoddam
1150 4100 1332 4164 humanum
1356 4102 1393 4166 in

216 4205 350 4271 modum
372 4209 461 4272 inter
481 4210 556 4275 illos
573 4209 678 4273 fuisse
694 4209 846 4273 homines
861 4208 1082 4272 vetustissimi
1096 4206 1267 4292 putabant,
1291 4209 1392 4290 quale

216 4311 307 4378 Iovis
338 4319 372 4379 et
394 4314 518 4380 Diones
543 4317 629 4401 apud
651 4314 811 4399 Pelasgos
834 4315 938 4378 fuisse
963 4315 1094 4378 scimus.
1141 4313 1193 4396 (of.
1217 4314 1259 4377 de
1282 4313 1393 4379 Diona

215 4419 382 4506 Weloker,
407 4421 463 4487 Th.
479 4423 535 4488 Gr.
559 4423 585 4507 Ι,
608 4444 638 4508 p.
656 4423 720 4485 352
737 4422 795 4504 sq.)
840 4421 962 4485 Postea
984 4438 1073 4503 vero,
1098 4437 1173 4484 oum
1197 4420 1279 4484 deae
1304 4421 1393 4486 aliae
