2872 4868
602 285 666 349 103

29 502 138 564 velut
161 497 391 582 HegemoneS,
420 518 496 562 cum
518 499 632 564 Musae
656 499 775 564 Ionum
802 500 858 563 vel
879 498 1095 564 Neleidarum
1120 500 1220 564 duces

30 607 79 670 ad
132 607 297 670 coloniam
337 607 507 690 Ephesum
554 606 758 671 condendam
795 606 1078 690 proficiscentium
1104 607 1220 698 ,tuisse

27 711 345 796 perhiberennn1).
432 745 436 762 ι

134 820 252 904 Ipsum
266 819 433 884 Musarum
454 839 576 884 nomen
592 821 633 884 ad
647 820 790 884 Dianam
805 823 841 884 in
856 823 1052 904 cognomine
1068 819 1219 901 Mysiae

28 928 203 992 tralatum
220 929 303 992 mihi
318 927 458 1009 videtur,
483 929 577 990 cuius
595 929 632 990 in
646 926 811 991 Laconico
828 927 941 991 fanum
959 923 1068 1007 erac).
1102 925 1218 1008 Neque

27 1037 235 1099 sententiae
259 1055 353 1099 meae
377 1035 481 1117 obest,
505 1034 592 1115 quod
609 1033 710 1098 Ceres
734 1052 863 1115 quoque
888 1034 1006 1097 eodem
1022 1036 1218 1116 cognomine

33 1138 320 1227 appellabaturD,
352 1160 428 1206 cum
451 1141 607 1205 Cererem
636 1145 670 1204 et
697 1139 839 1203 Dianam
868 1142 1051 1222 antiquitus
1081 1141 1219 1204 eandem

26 1250 142 1326 <leam
167 1249 273 1312 fuisse
293 1248 485 1312 dixerimus.
516 1248 570 1311 Ad
584 1245 730 1327 Mysiam
744 1249 847 1311 Asiae
862 1250 1071 1330 provinciam
1088 1247 1219 1312 Cereris

27 1373 231 1439 cognomen
258 1373 302 1418 nc
330 1354 371 1417 ab
401 1355 546 1435 antiquis
575 1354 708 1435 quidem
734 1353 957 1433 referebatur,
990 1373 1066 1418 cum
1096 1358 1220 1418 atem·

30 1465 176 1547 plorum
201 1461 426 1525 conditoribus
450 1460 604 1525 Cererem
628 1462 892 1544 cognominatam
914 1461 1018 1526 fuisse
1034 1461 1218 1526 Pausanias

29 1570 162 1634 tradat.
201 1566 321 1649 ltaque
343 1587 385 1631 ne
406 1567 533 1631 Dianae
557 1566 691 1648 quidem
715 1585 896 1650 cognomen
911 1570 1097 1632 Asiaticam
1120 1569 1218 1632 huius

31 1678 156 1740 cultus
180 1677 344 1758 originem
359 1675 499 1757 probare
514 1677 631 1757 potest.
670 1673 800 1738 Cereris
819 1693 899 1738 vero
914 1674 1043 1755 Mysiae
1059 1677 1219 1758 templum

31 1801 147 1868 prope
181 1781 355 1846 Pellenam
392 1783 427 1843 in
461 1780 591 1844 Achaia
628 1779 803 1860 Mysaeum
840 1781 1086 1862 nominabatur,
1133 1784 1219 1863 quod

31 1889 178 1954 Musei
213 1889 245 1970 (i.
278 1907 306 1952 e.
342 1887 512 1952 Musarum
529 1888 673 1971 templi)
708 1888 813 1951 forma
847 1889 1024 1953 dialectica
1059 1886 1219 1970 quaedam

30 1998 177 2060 videtur
208 1995 321 2059 fuisse.
371 1995 498 2058 Eadem
528 1997 657 2058 ratione
687 1993 829 2059 Dianam
856 1994 998 2079 Mysiam
1026 2015 1084 2080 pro
1113 1997 1219 2062 Mesia

28 2105 170 2168 dictam
203 2121 277 2166 esse
307 2103 489 2166 verisimile
519 2106 583 2184 est,
620 2120 696 2164 cum
729 2103 784 2165 vel
810 2101 925 2166 Musae
957 2104 1049 2186 ipsae
1080 2104 1219 2168 Aeolica

28 2211 187 2275 dialecto
211 2206 329 2290 Mysas
352 2209 461 2273 dictae
485 2227 558 2272 esse
580 2206 791 2289 tradantur4).

133 2318 181 2380 At
205 2318 336 2381 etiamsi
359 2318 445 2380 hanc
465 2315 594 2397 Mysiae
608 2315 735 2379 Dianae
760 2317 1019 2399 explicationem
1042 2337 1107 2380 non
1133 2336 1219 2380 oom-

29 2424 255 2508 probaveris,
290 2429 402 2487 tamen
436 2423 562 2486 Dianae
599 2424 760 2486 musicam
793 2427 945 2486 naturam
963 2449 964 2454 ¹
981 2427 1014 2486 et
1048 2421 1218 2487 Musarum

28 2529 300 2594 similitudinem
324 2531 470 2594 abnuere
492 2548 559 2593 non
581 2529 714 2612 poteris.

131 2636 240 2720 Supra
270 2635 413 2700 Dianam
448 2638 655 2701 oraculorum
688 2637 874 2720 praesidem
907 2657 980 2702 esse
1014 2641 1217 2703 notavimus:

38 2765 120 2810 cum
154 2745 239 2808 haec
271 2763 400 2826 quoque
431 2745 494 2807 dea
527 2745 675 2808 locorum
707 2745 899 2808 diversitate
930 2746 1216 2827 multiplicaretur,

29 2851 227 2930 vSibyllae
258 2852 466 2933 excogitatae
494 2854 583 2932 sunt,
615 2868 699 2930 quae
727 2854 896 2913 antrorum
925 2851 981 2914 rel
1004 2851 1145 2914 fontium
1168 2853 1219 2912 in-

37 2960 139 3024 colae
166 2958 388 3021 vaticinantes
412 2962 514 3039 erant,
537 2958 557 3020 i.
583 2976 610 3020 e.
634 2956 716 3019 deae
739 2957 899 3020 naturalis
923 2957 1046 3020 locales
1069 2959 1218 3040 personi-

29 3065 227 3130 ‘ficationes
267 3065 349 3128 (lum
372 3083 450 3128 vero
466 3064 574 3127 Diana
595 3065 669 3146 ipsa
684 3061 812 3143 Sibylla
834 3059 1099 3145 nominaretur5),
1124 3063 1218 3126 dubi·

27 3173 122 3235 tatio
139 3171 180 3234 de
197 3161 299 3235 huius¹
311 3171 483 3254 religionis
499 3172 626 3254 origine
641 3172 709 3233 iam
724 3189 797 3233 esse
812 3189 877 3233 non
893 3174 1010 3253 potest.
1049 3170 1215 3254 Delphica

34 3278 209 3360 imprimis
242 3275 369 3358 Sibylla
392 3277 499 3341 Diana
525 3276 773 3358 nominabatur,
803 3295 868 3358 qua
892 3297 929 3341 re
961 3297 1075 3342 rursus
1105 3283 1217 3341 nostra

32 3385 83 3448 de
102 3384 336 3465 antiquissimo
355 3385 446 3448 cultu
457 3382 620 3467 Delphico
636 3385 800 3448 sententia
813 3384 1032 3450 confirmatur.
1061 3386 1217 3450 Ceterum

34 3555 256 3563 ....--—-——.--

117 3664 138 3732 1)
159 3665 289 3726 Philostr.
308 3667 396 3736 Imag.
414 3666 450 3734 ΙΙ,
469 3669 493 3732 8,
513 3685 540 3736 p.
559 3665 620 3722 823.

117 3751 138 3821 ²)
159 3754 190 3810 P.
210 3753 364 3820 111,20,9.

115 3840 137 3907 ³)
157 3843 188 3897 P.
200 3828 242 3909 ir,
263 3845 304 3912 18,
324 3844 353 3910 s,
374 3845 435 3910 vn,
454 3844 496 3911 er,
516 3847 541 3902 e.

113 3927 135 3996 ⁴)
154 3931 239 3986 Clam.
259 3933 339 3987 Alex.
352 3933 492 4004 Protrept.
504 3934 539 3997 ΙΙ,
558 3935 601 3999 31,
620 3953 647 4003 p.
667 3933 700 3986 27
721 3931 823 4002 (Pecu
843 3929 858 3985 ὁ
877 3930 906 3985 δὲ
920 3932 1024 4000 Μάκαρ
1043 3932 1215 4000 (Lesbiorum

28 4019 98 4088 rex)
119 4018 246 4080 Moriens
256 4021 457 4089 θεραπαινίδας
474 4019 575 4083 ταύτας
592 4021 728 4083 τοσαύτας
744 4019 795 4074 τὸν
812 4017 934 4091 ἀριθμὸν
952 4020 1062 4074 ω’νεῖται
1079 4016 1126 4072 καὶ
1143 4023 1219 4073 καλεῖ

32 4107 143 4168 Mesae
161 4105 232 4160 κατὰ
251 4107 302 4176 τὴν
319 4107 458 4164 διάλεκτον
474 4107 525 4176 τὴν
541 4109 665 4165 Αἰολέων.

115 4194 138 4264 ⁵)
159 4195 246 4251 Olem.
265 4198 344 4252 Alex.
364 4199 462 4252 Strem.
482 4199 503 4264 I,
522 4217 549 4267 p.
569 4200 628 4265 384,
648 4200 721 4265 Pott,
740 4199 774 4255 ef.
793 4217 819 4268 p.
839 4199 899 4254 358.
938 4199 1010 4254 Suid.
1030 4217 1050 4254 s.
1068 4217 1094 4252 v.
1108 4197 1215 4262 Δελφίς.

31 4290 68 4344 Ρ.
88 4287 122 4350 X,
148 4283 195 4352 12,
222 4283 250 4338 2:
276 4287 351 4336 καλεῖ
368 4281 397 4337 δὲ
418 4286 584 4357 (Herophilo
607 4290 638 4342 in
655 4286 771 4357 hymno)
792 4281 842 4352 οὐχ
859 4283 1007 4355 Ἡροφίλην
1023 4284 1122 4354 μόνον,
1149 4284 1216 4341 ulae

27 4373 84 4430 καὶ
102 4368 228 4439 ’Ἄρτεμιν
252 4369 281 4425 ἐν
303 4378 361 4435 τοῖς
382 4371 472 4427 ἔπεσιν
495 4370 596 4443 αὐτήν,
623 4375 670 4428 καὶ
689 4371 852 4436 ’Λπόλλωνος
878 4373 946 4444 γονὴ
967 4374 1077 4444 γαμετή,
1102 4370 1162 4428 rori
1187 4371 1216 4428 δὲ

31 4457 148 4529 &dulcori
164 4458 211 4510 uel
230 4451 317 4520 αὖθις
334 4457 460 4527 θυγάτηρ
478 4459 561 4529 φησὶν
579 4458 657 4516 εἶναι.
