2872 4868
779 288 842 350 102

226 495 402 582 possumll,
427 517 502 562 cum
525 500 613 564 inter
628 498 859 579 Hymenaeum
875 502 909 564 et
923 499 1083 579 hymnum
1098 498 1241 562 multum
1257 499 1380 562 intersit.
1434 565 1436 579 ι

223 603 343 686 Itaque
360 603 509 685 Hymnia
532 604 594 667 dea
616 604 711 668 nulla
731 604 799 668 alia
820 609 880 687 est,
904 623 1003 687 quam
1026 623 1073 686 ea,
1098 620 1183 685 quae
1200 603 1242 666 ad
1258 604 1380 684 hymnos
1430 668 1431 673 ,

225 711 467 795 componendos
484 715 518 774 et
534 710 699 775 canendos
713 712 843 793 incitat,
867 717 902 775 et
916 711 994 774 talis
1008 710 1072 776 dea
1086 716 1222 794 propter
1237 713 1379 775 musicam
1433 764 1436 793 ἦ

221 819 368 884 indolem
402 817 509 881 Diana
542 822 592 882 est
624 836 645 880 a
674 816 780 882 Musis
813 837 881 884 non
911 817 1051 882 diversa.
1108 817 1274 882 Camenae
1305 819 1376 881 enin

224 925 340 988 eadem
372 925 500 988 ratione
532 944 552 985 a
586 923 788 988 carminibus
820 941 943 990 nomen
975 922 1156 1006 duxerunt,
1193 943 1259 1006 qua
1291 923 1377 987 Diana

223 1031 371 1111 Hymnia
393 1031 433 1095 ab
458 1031 600 1110 hymnis.

309 1137 363 1202 Sic
380 1140 481 1202 etiam
497 1137 699 1202 Graecorum
714 1137 755 1198 M
765 1135 897 1218 οὖσαι,
919 1154 992 1200 cum
1010 1156 1123 1201 earum
1138 1141 1259 1201 natura
1270 1136 1376 1200 Dianae
1435 1193 1436 1219 p

225 1245 397 1308 simillima
420 1246 475 1326 sit,
508 1243 658 1306 adhunc
682 1243 948 1324 antiquissimam
975 1242 1071 1306 deam
1092 1243 1290 1308 referendae
1313 1245 1377 1308 mihi
1435 1227 1436 1240 ¹

222 1352 386 1415 videntur.
420 1349 572 1431 Namque
596 1351 698 1413 etiam
711 1347 940 1432 Nympharum
962 1350 998 1412 in
1014 1349 1129 1414 ordine
1146 1345 1378 1430 habebantmb,

224 1477 307 1539 quas
336 1455 508 1540 Nymphas
543 1475 588 1520 ex
618 1457 775 1520 universa
806 1455 933 1520 Dianae
962 1461 1081 1522 rauna
1113 1476 1269 1522 manasse
1299 1476 1378 1540 supra

222 1564 516 1648 comprobavimus.
576 1560 693 1644 Itaque
727 1560 856 1626 Musam
890 1562 1018 1627 conicio
1052 1564 1259 1628 nominatam
1294 1565 1378 1628 fuisse

224 1672 388 1754 quondam
417 1671 682 1751 antiquissimam
712 1670 899 1734 natrnalem
931 1668 1041 1752 deam,
1075 1670 1135 1734 ubi
1168 1672 1379 1754 imprimisin

222 1779 438 1844 conficiendis
467 1776 670 1844 carminibus
702 1783 736 1840 et
764 1777 921 1842 canendis
951 1777 1098 1841 adiutrix
1123 1778 1312 1860 putabatur.
1351 1775 1380 1840 Io

218 1888 284 1950 hac
307 1905 353 1950 re·
370 1885 580 1950 Oarmeutam
602 1883 825 1948 Romanorum
854 1883 1003 1948 conferre
1027 1884 1121 1967 licet,
1155 1904 1241 1967 quae
1274 1886 1381 1949 arati·

223 1993 363 2057 cinando
390 1992 559 2055 nominata
589 1990 690 2054 simul
723 1991 986 2074 parturientibus
1016 1991 1151 2054 feminis
1182 2011 1282 2075 opem
1309 1993 1380 2056 ferre

219 2099 410 2183 putabatur,
444 2117 510 2179 qua
541 2099 577 2160 in
603 2097 766 2180 religione
790 2097 917 2162 Dianae
946 2098 1002 2162 vel
1024 2095 1183 2178 Ilithyiae
1215 2097 1382 2164 similitudo

220 2209 302 2272 satis
333 2209 483 2289 apparet,
516 2224 715 2286 quamquam
744 2204 829 2268 illud
856 2223 978 2270 nomen
1000 2210 1129 2268 tantum
1153 2209 1321 2272 musicam
1340 2206 1383 2269 rel

219 2315 463 2401 vaticinantem·
500 2312 596 2374 deam
635 2310 809 2394 significat.
872 2308 943 2374 Neo
982 2329 1057 2374 cum
1095 2313 1383 2396 multiplicationes
1413 2303 1415 2314 ’

218 2425 351 2484 nostrae
375 2419 458 2482 deae
483 2435 583 2500 saepe
605 2418 673 2480 iam
695 2417 920 2480 notaverimus
944 2415 1156 2498 offendimur,
1190 2421 1281 2501 quod
1304 2420 1384 2484 Musa

219 2544 350 2606 quoque
379 2525 601 2607 multiplicata
630 2527 688 2587 est.
734 2521 833 2586 Suam
861 2525 951 2587 enim
980 2526 1129 2605 quisquex
1143 2530 1246 2608 poeta
1269 2527 1384 2592 Musam

221 2630 353 2696 colebat
385 2630 502 2694 eodem
523 2635 634 2714 pacto,
664 2648 728 2710 quo
756 2629 881 2694 femina
910 2649 1004 2694 suam
1032 2621 1183 2714 quaeque
1214 2632 1384 2716 Ilithyiam.

219 2738 341 2804 Postea
362 2756 442 2800 vero
467 2735 650 2800 secundum
673 2735 782 2818 poesis
806 2755 930 2818 genera
951 2756 1073 2804 novom
1094 2741 1308 2823 excogitatas
1324 2750 1385 2806 esse

129 2881 130 2887 κ
216 2845 328 2910 Musas
353 2845 434 2909 satis
455 2848 570 2908 notum
587 2847 637 2908 est
652 2861 761 2924 neque
778 2842 820 2906 ad
835 2843 921 2908 hanc
937 2844 1198 2928 disputationem
1215 2849 1385 2931 quidquam
1435 2878 1436 2883 κ

219 2955 353 3034 attinet,
386 2967 460 3016 cum
487 2951 592 3015 multo
619 2952 802 3033 posteriore
831 2955 939 3014 aetate
967 2952 1050 3016 haec
1073 2951 1263 3018 officiomm
1288 2956 1386 3020 distri·

217 3059 310 3123 butio
336 3058 424 3121 facta
448 3059 505 3135 sit,
536 3077 636 3139 quam
659 3077 724 3139 quo
739 3056 909 3124 Musarum
922 3060 1043 3130 *cultus
1068 3065 1158 3124 ortus
1182 3067 1245 3128 est.
1297 3064 1386 3128 Cuius

218 3166 392 3248 religionis
425 3167 693 3247 antiquissimum
726 3172 819 3231 extat
856 3169 1097 3251 testimonium,
1135 3187 1212 3233 cum
1245 3171 1386 3234 tradatur
1424 3242 1425 3245 Ἴ

140 3351 147 3364 .
218 3271 363 3335 Thraces
394 3270 586 3354 Pelasgicos
613 3271 726 3340 Musas
756 3276 902 3338 maxime
934 3276 1091 3357 coluisse,
1127 3295 1192 3357 qua
1221 3277 1265 3341 de
1297 3281 1386 3360 gente

216 3378 369 3442 familiae
398 3383 489 3441 ortae
520 3384 627 3462 erant,
662 3399 746 3462 quae
780 3381 949 3446 oraculum
978 3381 1160 3462 Pythicum
1189 3383 1386 3463 obtinebant

219 3481 375 3564 Θρακίδαι
392 3481 565 3566 nomine³).
598 3485 679 3550 Cum
695 3489 761 3550 iam
774 3487 914 3570 Delphis
931 3490 1170 3570 antiquissimis
1187 3491 1387 3575 temporibus

217 3591 379 3655 naturalis
393 3590 475 3656 deae
489 3593 615 3656 cultum
626 3593 778 3660 floruisse
790 3594 886 3658 modo
899 3595 1234 3678 comprobaverimus,
1252 3598 1388 3661 eundem

214 3697 313 3761 illum
347 3696 519 3764 Musarum
548 3700 673 3764 cultum
709 3701 814 3765 fuisse
849 3706 948 3782 atque
983 3702 1071 3766 huno
1101 3701 1310 3784 Delphicum
1341 3703 1389 3766 yel

216 3822 349 3867 omnem
389 3804 593 3870 Graecarum
635 3808 786 3890 gentium
828 3809 1092 3872 vetustissimum
1135 3810 1218 3873 satis
1259 3816 1390 3875 constat.

215 3909 334 3994 Itaque
350 3909 466 3976 Musae
491 3914 591 3975 etiam
606 3912 734 3976 Dianae
757 3915 950 3978 muneribus
972 3915 1140 3979 interdum
1155 3915 1390 3999 fungebantur²

288 4191 308 4258 1)
329 4193 458 4257 Braun,
481 4194 603 4248 Artemis
621 4194 743 4262 Hymnie
765 4197 823 4250 und
841 4197 964 4266 Apollon
987 4199 1040 4252 mit
1064 4199 1127 4254 dem
1146 4199 1314 4269 Armband,
1337 4204 1393 4259 eine

214 4279 735 4441 elostosscftst1

289 4457 309 4526 ³)
329 4459 410 4515 Diod.
428 4459 481 4517 Sic.
501 4413 543 4527 ld,
561 4411 639 4517 24..
696 4410 704 4425 ⁶
737 4391 790 4441 'p’
862 4413 869 4427 ι
