2872 4868
775 249 818 312 80

214 457 332 540 Itaque
357 477 433 522 cunr
448 457 627 543 Pelopidae
642 458 784 525 Dianam
805 461 947 526 coluisse
963 460 1116 544 sciamus,
1142 459 1357 524 concedendum
1398 540 1400 554 ,

216 571 306 632 certe
336 570 388 632 cst
416 566 479 630 hac
510 568 583 650 ipsa
610 585 646 631 re
681 567 886 652 comprobari
913 567 999 632 illud
1022 568 1238 632 simulacrum
1259 566 1360 631 Dianae

214 675 347 758 signum
374 691 449 738 esse
481 675 679 757 praesertim
708 693 784 738 oum
806 675 920 740 leones
945 674 987 738 ad
1009 674 1097 738 hanc
1121 674 1219 738 deam
1241 675 1363 738 marina
1406 662 1430 697 “’

213 783 411 864 pertineant
1416 774 1430 805 '²'

301 921 375 986 Hac
408 922 584 985 interiecta
612 921 844 1004 disquisitione
874 923 1145 1007 insignissimum
1174 923 1270 988 nobis
1303 941 1371 986 com·
1423 880 1430 909 Ἰ

213 1030 401 1112 paravimus
428 1027 555 1092 Dianae
587 1027 673 1111 apud
703 1029 950 1110 antiquissimos
979 1028 1131 1094 Graecos
1163 1031 1272 1094 cultus
1297 1048 1374 1112 argu·

213 1140 371 1218 mentum,
399 1138 437 1198 ut
465 1136 532 1198 iam
560 1154 627 1199 non
656 1135 762 1201 solum
786 1137 987 1220 cogitatione
1010 1135 1103 1202 illius
1127 1138 1287 1221 temporis
1310 1136 1374 1200 deos

215 1246 248 1307 et
270 1243 470 1325 religionem
493 1241 631 1325 opinari,
655 1241 832 1306 sedetiam
849 1243 921 1326 ipso
938 1244 1195 1308 simulacrorum
1213 1248 1378 1328 conspectu

214 1349 302 1432 deos,
328 1368 411 1431 quos
435 1351 655 1433 cogitaverint
678 1351 967 1434 comprehendero,
991 1353 1167 1436 possimne.

302 1491 523 1556 Revertamur
540 1496 651 1556 autem
668 1493 709 1557 ad
725 1494 882 1559 animalia
896 1493 1025 1559 Dianae
1042 1514 1137 1560 sacra
1154 1495 1378 1559 describenda:

215 1617 233 1662 e
258 1599 425 1664 cicuribus
449 1597 530 1662 deae
555 1602 739 1663 consecrati
763 1605 856 1664 orant
878 1601 991 1684 boves,
1016 1603 1103 1684 equi,
1129 1603 1230 1685 capri.

301 1741 367 1806 Bos
408 1744 443 1806 et
478 1745 613 1824 propter
651 1743 914 1826 magnitudinem
952 1748 986 1808 et
1023 1747 1160 1827 propter
1198 1745 1380 1822 utilitatem,

215 1867 313 1930 quam
328 1847 520 1912 hominibus
537 1847 676 1930 praebet
690 1849 879 1931 maximam,
903 1847 1031 1914 Dianae
1054 1866 1150 1914 sacar
1166 1845 1381 1928 habebatur¹l‚

214 1973 316 2037 quare
348 1955 430 2019 deae
461 1973 583 2018 nomen
610 1952 821 2034 Ταυροπόλον
850 1956 1091 2041 imponebatur,
1125 1957 1214 2039 quod
1237 1958 1382 2042 primitus
1418 2001 1419 2004 ,

213 2060 380 2146 significat
402 2061 499 2124 deam
518 2051 633 2125 ‘boves
655 2065 849 2145 pascentem
867 2062 924 2127 rel
940 2057 1139 2144 tuentem’2).
1185 2063 1382 2147 Fingebalur

214 2173 325 2234 autem
347 2169 433 2232 thaso
456 2168 518 2233 dea
533 2169 570 2232 in
584 2172 678 2232 tauro
695 2169 879 2234 consistens
893 2170 950 2234 vel
965 2165 1126 2252 sedens³),
1151 2170 1241 2252 quod
1258 2171 1383 2234 schema

214 2295 256 2340 cx
282 2275 439 2341 orientali
463 2279 534 2340 arte
558 2278 726 2358 sumptum
750 2294 823 2340 essa
848 2276 938 2340 haud
959 2278 1162 2359 negaverim.
1205 2277 1291 2342 Cum
1314 2294 1383 2340 vero

213 2384 336 2464 taurus,
361 2383 397 2444 in
420 2399 519 2463 quem
544 2382 698 2464 imposita
721 2381 784 2446 dea
806 2382 1001 2468 fingebatur,
1033 2403 1170 2448 currens
1193 2386 1383 2468 plerumque

213 2487 408 2570 fingeretur,
443 2487 539 2550 deam
568 2489 663 2569 quasi
697 2491 828 2552 taurum
862 2495 1041 2554 vexantem
1078 2509 1152 2554 cese
1190 2490 1383 2575 cogitabant,

212 2593 301 2658 unde
317 2592 532 2678 proverbium
548 2593 674 2658 factum
690 2597 741 2658 est
756 2589 969 2677 Τουροιτόλιις
981 2589 1165 2676 Ἀρτέμιδος
1179 2592 1385 2678 ταχύτιοοψ).

215 2700 435 2785 Comprobare
469 2718 549 2764 vero
583 2719 651 2764 non
684 2718 830 2783 possum,
865 2700 954 2782 quod
986 2701 1052 2764 viri
1088 2701 1177 2766 docti
1212 2703 1274 2780 has
1312 2702 1385 2766 deae

212 2810 334 2894 figuras
358 2808 543 2889 symbolice
576 2809 728 2872 lunarem
756 2809 925 2872 notionem
953 2807 1118 2873 exhibere
1150 2803 1386 2882 censueruntb.

212 2915 341 2980 Lunam
366 2916 467 2998 enim,
512 2932 591 2979 uam
613 2915 666 2980 illi
680 2915 881 2998 principium
904 2914 1078 2997 religionis
1094 2913 1223 2980 Dianae
1239 2919 1387 2980 naturam

214 3043 287 3090 csse
316 3022 527 3105 arbitrantur,
563 3039 684 3086 vaccae
715 3021 850 3102 quidem
879 3019 1038 3102 symbolo,
1066 3039 1129 3085 noc
1159 3024 1276 3086 tamen
1305 3020 1388 3085 tauri

213 3129 396 3213 significari
430 3146 527 3211 posse
561 3132 650 3211 puto.
706 3124 823 3208 Neque
865 3126 1064 3191 scholiastae
1103 3131 1182 3191 nota
1216 3127 1259 3190 ad
1296 3127 1387 3211 Sopb

212 3237 307 3319 Ajac.
329 3255 360 3298 r.
385 3236 448 3298 172
472 3228 522 3296 ὅτι
543 3228 564 3316 ἡ
587 3225 669 3316 αὐτὴ
691 3231 732 3318 τῇ
754 3227 883 3316 Σελήνῃ
906 3226 971 3296 ἐστὶ
993 3228 1048 3294 καὶ
1070 3225 1227 3314 ἐποχεῖται
1249 3229 1387 3316 ταύροις,

213 3337 257 3424 ἣν
278 3336 333 3404 καὶ
355 3332 529 3419 τιιυρωτιὸν
551 3332 768 3420 ὀνομάζουσιν
789 3338 884 3401 illam
907 3338 1108 3401 sententiam
1136 3337 1221 3400 mihi
1250 3338 1388 3421 probare

213 3445 353 3528 udatur,
389 3464 465 3509 cum
498 3444 699 3528 posteriores
733 3443 943 3526 grammatici
972 3445 1099 3508 minine
1116 3507 1118 3513 Α
1135 3445 1388 3526 antiquissimae

215 3553 425 3636 Graecorum,
445 3551 620 3635 religionis
648 3552 744 3634 gnari
774 3550 917 3615 habendi
947 3551 1027 3632 sint,
1060 3551 1117 3632 qui
1146 3550 1262 3615 lunam
1291 3553 1390 3635 vulgo

213 3680 271 3745 pro
300 3660 452 3724 insaniae
480 3675 581 3722 causa
603 3657 783 3723 habebant:
817 3656 924 3721 Diana
955 3661 1065 3721 autem
1099 3659 1188 3738 binc,
1222 3675 1300 3720 cum
1334 3659 1391 3722 illa

215 3768 339 3850 scripta
363 3770 448 3849 sunt,
472 3767 539 3828 iam
562 3766 620 3831 diu
642 3764 757 3830 Lunae
780 3771 932 3829 naturam
955 3764 1118 3828 induerat.

289 4064 310 4135 ¹)
329 4066 364 4121 cl.
383 4064 556 4132 Wolclrer,
576 4064 626 4121 Tb.
646 4063 727 4130 Gal,
746 4081 773 4134 p.
786 4061 846 4119 592.
876 4062 1021 4129 Preller,
1039 4061 1129 4132 Myth.
1142 4058 1189 4117 Gr.
1202 4060 1224 4127 Ι,
1243 4079 1272 4132 p.
1286 4060 1340 4117 251
1354 4080 1393 4132 sq.

288 4151 310 4221 ²)
330 4154 365 4209 cf.
384 4150 505 4216 αἰπόλος.
894 4147 896 4152 ’

289 4239 310 4311 ³)
328 4243 399 4297 Mus.
417 4240 508 4296 Berol.
526 4242 634 4310 antiqu.
652 4259 681 4298 n.
701 4241 782 4296 7587:
806 4239 951 4310 Tanagrae
969 4240 1087 4295 invent-a
1105 4238 1196 4308 figura
1215 4239 1327 4310 figlina.

288 4328 310 4398 ⁴)
329 4330 413 4386 llich.
432 4330 557 4399 Apostol.
577 4332 619 4397 16,
638 4327 682 4386 22.

289 4417 310 4488 ⁵)
330 4418 480 4488 Preller,
498 4419 517 4474 1.
536 4419 555 4476 l.
