2872 4868
145 103 187 168 In
211 104 360 171 Hecatae
383 107 506 188 hymno
528 106 711 191 Hesiodeo‚
741 125 805 191 quo
827 107 955 172 Dianae
979 108 1228 189 antiquissimae

70 211 200 277 virtutes
224 216 376 278 acmrrate
393 212 524 278 definiri
540 213 694 298 diximus,
718 215 842 279 bellica
864 215 947 280 deae
969 216 1021 279 vis
1044 213 1228 278 hisverbis

70 323 344 383 commemoratur:
1161 319 1162 324 ’

209 435 231 524 ἡ
254 436 282 505 d’
303 435 391 506 ὁπότ’
415 437 448 516 ἐς
469 439 615 525 πόλεμον
637 443 826 528 φθισήνορα
846 445 1082 525 θωρήσσωνται

210 539 330 628 ἅνερες,
352 542 434 642 ἔνθα
454 540 516 609 θεὰ
537 549 774 630 παραγίγνεται,
798 543 857 622 οὓς
878 542 905 611 κ’
929 543 1055 632 ἐθέλῃσι

209 648 306 731 νίκην
326 644 540 731 προφρονέως
562 645 681 714 ὀπάσαι
702 649 756 715 καὶ
778 649 878 725 κῦδος
899 645 1015 733 ὀρέξαι,

61 807 142 870 quae
165 790 271 854 verba
295 783 376 854 satis
401 792 490 855 clare
515 792 711 857 dictasunt.
756 792 894 874 Desunt,
918 792 1139 875 quodecim,
1163 788 1230 852 alia

59 897 191 979 poetica
222 899 427 982 testimonia,
462 899 529 962 nisi
560 898 645 964 forte
676 899 872 984 Euripidem
902 903 1056 983 putamus
1088 895 1230 960 Dianam

57 1001 206 1085 quatcr¹)
230 1003 270 1068 ab
286 1006 455 1088 Antigona
477 1007 513 1068 in
528 1004 722 1071 Phoenissis
744 1007 932 1071 invocatam
955 1004 1077 1069 fecisse
1097 1007 1231 1087 propter

57 1107 143 1174 hano
167 1109 252 1174 deae
274 1111 432 1176 bellicam
454 1116 615 1195 naturam,
639 1132 715 1176 cum
736 1113 906 1196 Antigona
928 1113 965 1175 in
986 1109 1132 1175 hostium
1155 1127 1231 1173 oon-

57 1221 174 1300 spectu
208 1211 350 1281 Dianam
380 1220 527 1302 invocet,
557 1224 595 1283 ut
623 1220 686 1284 dea
714 1220 855 1285 salutem
892 1221 1120 1300 auxiliumque
1155 1218 1231 1281 urbi

56 1323 225 1406 praebeat.
261 1322 419 1400 Quamvis
437 1345 513 1390 rara
535 1328 602 1391 sint
625 1346 669 1391 ex
692 1328 881 1392 auctoribus
903 1328 1010 1411 petita
1032 1325 1231 1403 testimonia,

54 1435 169 1494 tamen
200 1449 244 1494 ex
273 1431 381 1514 cultu,
418 1430 541 1497 fabulis
573 1435 889 1517 cognominibusque
916 1431 1056 1518 probata
1080 1447 1232 1514 promere
1365 1459 1366 1462 ¹

54 1556 242 1626 possumus.

120 1747 122 1752 ,
150 1679 379 1746 Celeberrima
409 1685 504 1746 erant
534 1701 629 1746 sacra
654 1680 782 1746 Dianae
805 1682 1059 1763 Amarysiae,
1087 1697 1171 1761 quae
1200 1682 1234 1742 et

57 1789 94 1852 in
122 1788 236 1852 insula
261 1789 400 1854 Euboea
434 1795 468 1854 et
495 1790 695 1854 Athmoniae
729 1791 766 1853 in
797 1808 881 1872 pago
908 1789 1035 1867 Attico,
1070 1779 1233 1864 fiebant2).

56 1893 121 1960 Die
144 1893 231 1959 festo
255 1914 410 1979 pompam
441 1883 608 1979 insignem
630 1897 809 1960 militarem
833 1895 915 1959 deae
943 1896 980 1957 in
1002 1894 1162 1957 honorem
1183 1892 1234 1954 in-

57 2001 251 2084 sumebant,
275 2004 331 2066 cui
353 2023 420 2067 non
443 2004 549 2068 solum
564 2004 691 2068 milites
710 2004 822 2086 gravis
838 2005 1035 2073 armaturae.
1048 1999 1115 2064 sed·
1130 1999 1232 2063 etiam

58 2110 189 2191 equites
207 2113 240 2173 et
254 2109 352 2192 bigae
368 2112 565 2174 intererant:
582 2110 702 2175 deinde
717 2110 788 2175 ludi
803 2110 966 2174 militares
976 2112 1017 2184 ¹st
1032 2108 1232 2171 certationes

57 2216 198 2281 fiebant:
230 2216 355 2281 talibus
386 2236 404 2281 e
429 2219 639 2288 caerimoniis
669 2221 759 2282 certe
787 2217 946 2282 bellicam
972 2216 1054 2280 deae
1081 2218 1233 2278 naturam

58 2324 220 2407 colligere
247 2342 437 2406 possumus,
471 2343 570 2407 quam
596 2344 668 2389 rem
697 2323 838 2388 fortasse
870 2324 972 2386 etiam
1000 2317 1233 2386 Celaenidis

57 2448 183 2494 nomen
206 2429 409 2513 comprobat,
438 2430 525 2513 quod
548 2431 648 2494 huius
671 2431 759 2495 ‘deae
784 2447 965 2512 cognomen
986 2427 1073 2510 apud
1094 2423 1234 2489 Athmo-

58 2555 182 2602 nenses
207 2540 286 2600 erat
323 2535 473 2619 Namque
497 2536 538 2600 ad
560 2531 675 2598 ιιολεόν
697 2535 733 2616 (i.
750 2553 777 2600 s.
800 2534 905 2618 gladii
921 2531 1088 2616 vaginam)
1111 2547 1232 2596 nomen

58 2643 187 2710 referre
209 2644 397 2726 non-plane
420 2645 570 2726 ineptum
593 2643 676 2708 rnihi
697 2643 839 2708 ridetur.

56 2851 58 2856 ,
149 2769 371 2868 Praecipuum
404 2789 515 2849 autem
546 2785 646 2848 huius
673 2781 802 2847 Dianae
836 2782 1019 2846 bellicosae
1051 2781 1232 2863 cognomen

61 2897 133 2972 erat
162 2892 376 2976 Agrotera‚
414 2889 500 2975 quod
528 2905 650 2955 nomen
676 2909 743 2954 non
773 2890 813 2954 ab
843 2881 956 2970 ἀγρός,
988 2887 1047 2952 sed
1077 2888 1118 2952 ab
1151 2881 1235 2966 ἄγρα

61 3000 267 3065 declinatum
291 3017 364 3063 esse
387 2998 527 3081 ridetur,
552 3016 636 3080 quae
658 3015 725 3061 vox
746 2995 906 3061 Goebelio
930 2993 1026 3076 (Lex.
1042 2993 1085 3077 Π,
1108 3014 1139 3077 p.
1156 2990 1233 3071 625)

62 3111 198 3172 auctore
228 3106 361 3190 proprie
389 3097 622 3189 pernicitatem
653 3122 768 3168 cursus
796 3102 970 3186 significat.
1014 3099 1124 3165 Huius
1151 3099 1234 3162 deae

63 3213 224 3278 attributa
253 3214 322 3277 tela
349 3217 439 3295 sunt,
470 3212 589 3295 quibus
618 3211 798 3276 mortiferis
826 3209 1056 3274 instrumentis
1084 3225 1146 3270 usa
1167 3223 1235 3268 non

62 3321 171 3384 solum
202 3321 372 3385 venationi
407 3319 575 3405 praesidet
586 3315 626 3402 ³),
663 3319 721 3383 sed
754 3318 855 3382 etiam
885 3315 984 3380 bello.
1040 3312 1168 3376 Dianae
1202 3313 1236 3374 et

60 3427 206 3509 Enyalio
228 3425 371 3491 Athenis
394 3428 494 3491 archo
520 3426 752 3510 polcmarohus
782 3423 957 3506 quotannis
987 3413 1234 3498 sqcrificabat4).

64 3523 229 3599 Similiter
243 3531 499 3598 Lacedaemonii
522 3538 599 3597 ante
622 3534 739 3596 initam
760 3547 906 3614 pugnam
921 3527 1047 3602 Dianae
1062 3527 1235 3590 immolare

138 3805 160 3874 ¹)
180 3805 284 3862 Phoen.
302 3825 328 3862 v.
348 3804 408 3873 109,
428 3806 566 3874 151‚175‚
586 3805 637 3860 leo
655 3822 715 3874 sqq.

137 3893 399 3964 URLde

53 4011 56 4014 ·
137 3982 160 4051 ⁸)
179 3982 307 4051 Xenoph.
326 3982 394 4052 Cyn.
413 3983 461 4050 VI,
481 3983 524 4039 13.

66 4117 67 4122 ,
136 4070 161 4141 ⁴)
179 4069 251 4126 Poll.
269 4068 345 4135 VIII,
364 4071 407 4128 91.
