<?xml version="1.0" encoding="UTF-8"?>
<!DOCTYPE html PUBLIC "-//W3C//DTD XHTML 1.0 Transitional//EN"
    "http://www.w3.org/TR/xhtml1/DTD/xhtml1-transitional.dtd">
<html xmlns="http://www.w3.org/1999/xhtml" xml:lang="en" lang="en">
 <head>
  <title>
</title>
<meta http-equiv="Content-Type" content="text/html;charset=utf-8" />
  <meta name='ocr-system' content='tesseract 3.04.00' />
  <meta name='ocr-capabilities' content='ocr_page ocr_carea ocr_par ocr_line ocrx_word'/>
</head>
<body>
  <div class='ocr_page' id='page_1' title='image "./dedianaeantiqui00claugoog_0028.png"; bbox 0 0 2872 4868; ppageno 0'>
   <div class='ocr_carea' id='block_1_1' title="bbox 1 270 1282 2468">
    <p class='ocr_par' dir='ltr' id='par_1_1' title="bbox 628 270 667 333">
     <span class='ocr_line' id='line_1_1' title="bbox 628 270 667 333; baseline -0.026 0"><span class='ocrx_word' id='word_1_1' title='bbox 628 270 667 333; x_wconf 80' lang='lat'>17</span> 
     </span>
    </p>

    <p class='ocr_par' dir='ltr' id='par_1_2' title="bbox 1 481 1282 2468">
     <span class='ocr_line' id='line_1_2' title="bbox 55 481 1234 568; baseline 0.002 -22"><span class='ocrx_word' id='word_1_2' title='bbox 55 483 100 547; x_wconf 89' lang='lat' dir='ltr'>sit</span> <span class='ocrx_word' id='word_1_3' title='bbox 141 483 178 546; x_wconf 91' lang='lat' dir='ltr'>et</span> <span class='ocrx_word' id='word_1_4' title='bbox 213 481 373 563; x_wconf 83' lang='lat' dir='ltr'>quasdam</span> <span class='ocrx_word' id='word_1_5' title='bbox 412 483 510 547; x_wconf 93' lang='lat' dir='ltr'>huius</span> <span class='ocrx_word' id='word_1_6' title='bbox 546 484 794 565; x_wconf 86' lang='lat' dir='ltr'>antiquissimas</span> <span class='ocrx_word' id='word_1_7' title='bbox 828 483 1047 568; x_wconf 86' lang='lat' dir='ltr'>proprietates</span> <span class='ocrx_word' id='word_1_8' title='bbox 1085 484 1234 549; x_wconf 90' lang='lat' dir='ltr'>indicare</span> 
     </span>
     <span class='ocr_line' id='line_1_3' title="bbox 1 585 1234 674; baseline 0.005 -24"><span class='ocrx_word' id='word_1_9' title='bbox 1 663 31 668; x_wconf 15' lang='grc' dir='ltr'>,Ι</span> <span class='ocrx_word' id='word_1_10' title='bbox 54 588 214 654; x_wconf 89' lang='lat' dir='ltr'>videatur</span> <span class='ocrx_word' id='word_1_11' title='bbox 227 585 262 669; x_wconf 88' lang='lat'>¹).</span> <span class='ocrx_word' id='word_1_12' title='bbox 312 587 440 654; x_wconf 78' lang='lat' dir='ltr'>Eadem</span> <span class='ocrx_word' id='word_1_13' title='bbox 471 608 551 654; x_wconf 90' lang='lat' dir='ltr'>vero</span> <span class='ocrx_word' id='word_1_14' title='bbox 580 591 654 673; x_wconf 87' lang='lat' dir='ltr'>ipsa</span> <span class='ocrx_word' id='word_1_15' title='bbox 683 587 841 654; x_wconf 83' lang='lat' dir='ltr'>Semitica</span> <span class='ocrx_word' id='word_1_16' title='bbox 870 589 1039 670; x_wconf 83' lang='lat' dir='ltr'><strong>Lydorum</strong></span> <span class='ocrx_word' id='word_1_17' title='bbox 1069 591 1234 674; x_wconf 83' lang='lat' dir='ltr'>religione</span> 
     </span>
     <span class='ocr_line' id='line_1_4' title="bbox 56 695 1234 778; baseline 0.005 -22"><span class='ocrx_word' id='word_1_18' title='bbox 56 695 156 760; x_wconf 86' lang='lat' dir='ltr'>valde</span> <span class='ocrx_word' id='word_1_19' title='bbox 188 698 390 760; x_wconf 86' lang='lat' dir='ltr'>commutata</span> <span class='ocrx_word' id='word_1_20' title='bbox 420 700 481 776; x_wconf 89' lang='lat' dir='ltr'>est,</span> <span class='ocrx_word' id='word_1_21' title='bbox 512 696 547 760; x_wconf 90' lang='lat' dir='ltr'>id</span> <span class='ocrx_word' id='word_1_22' title='bbox 575 696 662 778; x_wconf 90' lang='lat' dir='ltr'>quod</span> <span class='ocrx_word' id='word_1_23' title='bbox 692 696 821 761; x_wconf 80' lang='lat' dir='ltr'>Attidis</span> <span class='ocrx_word' id='word_1_24' title='bbox 851 697 911 760; x_wconf 94' lang='lat' dir='ltr'>illa</span> <span class='ocrx_word' id='word_1_25' title='bbox 939 696 1053 762; x_wconf 87' lang='lat' dir='ltr'>fabula</span> <span class='ocrx_word' id='word_1_26' title='bbox 1084 698 1119 760; x_wconf 94' lang='lat' dir='ltr'>in</span> <span class='ocrx_word' id='word_1_27' title='bbox 1146 697 1234 762; x_wconf 85' lang='lat' dir='ltr'>hanc</span> 
     </span>
     <span class='ocr_line' id='line_1_5' title="bbox 56 798 1235 887; baseline 0.002 -21"><span class='ocrx_word' id='word_1_28' title='bbox 56 803 258 886; x_wconf 82' lang='lat' dir='ltr'>religionem</span> <span class='ocrx_word' id='word_1_29' title='bbox 280 803 400 866; x_wconf 86' lang='lat' dir='ltr'>tralata</span> <span class='ocrx_word' id='word_1_30' title='bbox 415 804 539 886; x_wconf 89' lang='lat' dir='ltr'>optime</span> <span class='ocrx_word' id='word_1_31' title='bbox 556 803 786 887; x_wconf 89' lang='lat' dir='ltr'>comprobatur</span> <span class='ocrx_word' id='word_1_32' title='bbox 798 798 830 885; x_wconf 66' lang='grc'>2).</span> <span class='ocrx_word' id='word_1_33' title='bbox 877 801 942 867; x_wconf 84' lang='lat' dir='ltr'>Sed</span> <span class='ocrx_word' id='word_1_34' title='bbox 957 805 1041 878; x_wconf 82' lang='lat' dir='ltr'>haec</span> <span class='ocrx_word' id='word_1_35' title='bbox 1056 805 1235 886; x_wconf 79' lang='lat' dir='ltr'>peregrina</span> 
     </span>
     <span class='ocr_line' id='line_1_6' title="bbox 58 907 1234 994; baseline 0.003 -22"><span class='ocrx_word' id='word_1_36' title='bbox 58 908 123 972; x_wconf 90' lang='lat' dir='ltr'>dea</span> <span class='ocrx_word' id='word_1_37' title='bbox 144 927 212 972; x_wconf 90' lang='lat' dir='ltr'>non</span> <span class='ocrx_word' id='word_1_38' title='bbox 234 910 282 972; x_wconf 86' lang='lat' dir='ltr'>ita</span> <span class='ocrx_word' id='word_1_39' title='bbox 305 910 341 972; x_wconf 92' lang='lat' dir='ltr'>in</span> <span class='ocrx_word' id='word_1_40' title='bbox 357 907 558 973; x_wconf 81' lang='lat' dir='ltr'>Graecorum</span> <span class='ocrx_word' id='word_1_41' title='bbox 573 910 813 993; x_wconf 85' lang='lat' dir='ltr'>mythologiam</span> <span class='ocrx_word' id='word_1_42' title='bbox 837 912 870 973; x_wconf 89' lang='lat' dir='ltr'>et</span> <span class='ocrx_word' id='word_1_43' title='bbox 894 911 1020 974; x_wconf 89' lang='lat' dir='ltr'>cultum</span> <span class='ocrx_word' id='word_1_44' title='bbox 1035 911 1234 994; x_wconf 79' lang='lat' dir='ltr'>irrepsisset,</span> 
     </span>
     <span class='ocr_line' id='line_1_7' title="bbox 58 1015 1235 1099; baseline 0.002 -21"><span class='ocrx_word' id='word_1_45' title='bbox 58 1016 127 1078; x_wconf 90' lang='lat' dir='ltr'>nisi</span> <span class='ocrx_word' id='word_1_46' title='bbox 150 1015 271 1080; x_wconf 92' lang='lat' dir='ltr'>similis</span> <span class='ocrx_word' id='word_1_47' title='bbox 297 1020 331 1080; x_wconf 93' lang='lat' dir='ltr'>et</span> <span class='ocrx_word' id='word_1_48' title='bbox 353 1015 424 1080; x_wconf 83' lang='lat' dir='ltr'>fere</span> <span class='ocrx_word' id='word_1_49' title='bbox 448 1016 565 1080; x_wconf 89' lang='lat' dir='ltr'>eadem</span> <span class='ocrx_word' id='word_1_50' title='bbox 589 1035 628 1080; x_wconf 91' lang='lat' dir='ltr'>ac</span> <span class='ocrx_word' id='word_1_51' title='bbox 651 1021 765 1080; x_wconf 86' lang='lat' dir='ltr'>nostra</span> <span class='ocrx_word' id='word_1_52' title='bbox 781 1015 983 1080; x_wconf 82' lang='lat' dir='ltr'>Graecorum</span> <span class='ocrx_word' id='word_1_53' title='bbox 1006 1016 1070 1080; x_wconf 92' lang='lat' dir='ltr'>dea</span> <span class='ocrx_word' id='word_1_54' title='bbox 1093 1018 1235 1099; x_wconf 86' lang='lat' dir='ltr'>antiqui-</span> 
     </span>
     <span class='ocr_line' id='line_1_8' title="bbox 7 1114 1234 1206; baseline 0.004 -22"><span class='ocrx_word' id='word_1_55' title='bbox 7 1114 9 1116; x_wconf 67' lang='grc'><strong>’</strong></span> <span class='ocrx_word' id='word_1_56' title='bbox 57 1125 113 1186; x_wconf 90' lang='lat' dir='ltr'>tus</span> <span class='ocrx_word' id='word_1_57' title='bbox 127 1121 268 1202; x_wconf 7' lang='lat' dir='ltr'>pluisset.</span> <span class='ocrx_word' id='word_1_58' title='bbox 315 1120 504 1186; x_wconf 79' lang='lat' dir='ltr'>Titanidum</span> <span class='ocrx_word' id='word_1_59' title='bbox 527 1142 594 1187; x_wconf 92' lang='lat' dir='ltr'>una</span> <span class='ocrx_word' id='word_1_60' title='bbox 616 1122 711 1187; x_wconf 87' lang='lat' dir='ltr'>Rhea</span> <span class='ocrx_word' id='word_1_61' title='bbox 734 1123 919 1188; x_wconf 75' lang='lat' dir='ltr'>habebatur</span> <span class='ocrx_word' id='word_1_62' title='bbox 934 1141 1090 1206; x_wconf 91' lang='lat' dir='ltr'>sororque</span> <span class='ocrx_word' id='word_1_63' title='bbox 1105 1123 1234 1190; x_wconf 88' lang='lat' dir='ltr'>Dionae</span> 
     </span>
     <span class='ocr_line' id='line_1_9' title="bbox 58 1227 1236 1314; baseline 0.003 -23"><span class='ocrx_word' id='word_1_64' title='bbox 58 1232 91 1292; x_wconf 88' lang='lat' dir='ltr'>et</span> <span class='ocrx_word' id='word_1_65' title='bbox 113 1227 281 1306; x_wconf 82' lang='lat' dir='ltr'>Phoebas,</span> <span class='ocrx_word' id='word_1_66' title='bbox 312 1248 397 1311; x_wconf 92' lang='lat' dir='ltr'>quae</span> <span class='ocrx_word' id='word_1_67' title='bbox 426 1231 565 1294; x_wconf 90' lang='lat' dir='ltr'>numina</span> <span class='ocrx_word' id='word_1_68' title='bbox 588 1249 607 1292; x_wconf 90' lang='lat' dir='ltr'>a</span> <span class='ocrx_word' id='word_1_69' title='bbox 630 1228 738 1294; x_wconf 88' lang='lat' dir='ltr'>Diana</span> <span class='ocrx_word' id='word_1_70' title='bbox 761 1232 992 1314; x_wconf 88' lang='lat' dir='ltr'>antiquissima</span> <span class='ocrx_word' id='word_1_71' title='bbox 1014 1250 1081 1294; x_wconf 91' lang='lat' dir='ltr'>non</span> <span class='ocrx_word' id='word_1_72' title='bbox 1104 1231 1236 1295; x_wconf 86' lang='lat' dir='ltr'>diversa</span> 
     </span>
     <span class='ocr_line' id='line_1_10' title="bbox 57 1331 1236 1420; baseline 0.003 -22"><span class='ocrx_word' id='word_1_73' title='bbox 57 1331 228 1416; x_wconf 80' lang='lat' dir='ltr'>fuenmt³)</span> <span class='ocrx_word' id='word_1_74' title='bbox 257 1340 291 1399; x_wconf 89' lang='lat' dir='ltr'>et</span> <span class='ocrx_word' id='word_1_75' title='bbox 317 1335 432 1401; x_wconf 85' lang='lat' dir='ltr'>Rheae</span> <span class='ocrx_word' id='word_1_76' title='bbox 460 1355 582 1400; x_wconf 91' lang='lat' dir='ltr'>nomen</span> <span class='ocrx_word' id='word_1_77' title='bbox 613 1336 698 1420; x_wconf 90' lang='lat' dir='ltr'>apud</span> <span class='ocrx_word' id='word_1_78' title='bbox 727 1335 872 1402; x_wconf 78' lang='lat' dir='ltr'>Graecos</span> <span class='ocrx_word' id='word_1_79' title='bbox 906 1338 944 1401; x_wconf 87' lang='lat' dir='ltr'>iu</span> <span class='ocrx_word' id='word_1_80' title='bbox 972 1338 1058 1401; x_wconf 90' lang='lat' dir='ltr'>alius</span> <span class='ocrx_word' id='word_1_81' title='bbox 1091 1340 1236 1402; x_wconf 86' lang='lat' dir='ltr'>nominis</span> 
     </span>
     <span class='ocr_line' id='line_1_11' title="bbox 58 1442 1237 1509; baseline 0.003 -4"><span class='ocrx_word' id='word_1_82' title='bbox 58 1442 201 1506; x_wconf 87' lang='lat' dir='ltr'>fortasse</span> <span class='ocrx_word' id='word_1_83' title='bbox 232 1442 358 1508; x_wconf 90' lang='lat' dir='ltr'>Diones</span> <span class='ocrx_word' id='word_1_84' title='bbox 399 1445 510 1508; x_wconf 91' lang='lat' dir='ltr'>locum</span> <span class='ocrx_word' id='word_1_85' title='bbox 551 1445 753 1508; x_wconf 79' lang='lat' dir='ltr'>successisse</span> <span class='ocrx_word' id='word_1_86' title='bbox 793 1444 934 1509; x_wconf 84' lang='lat' dir='ltr'>ridetur.</span> <span class='ocrx_word' id='word_1_87' title='bbox 1000 1443 1130 1509; x_wconf 87' lang='lat' dir='ltr'>Nomen</span> <span class='ocrx_word' id='word_1_88' title='bbox 1167 1447 1237 1509; x_wconf 90' lang='lat' dir='ltr'>iam</span> 
     </span>
     <span class='ocr_line' id='line_1_12' title="bbox 57 1549 1236 1637; baseline 0.003 -25"><span class='ocrx_word' id='word_1_89' title='bbox 57 1551 169 1633; x_wconf 91' lang='lat' dir='ltr'>ipsum</span> <span class='ocrx_word' id='word_1_90' title='bbox 196 1568 307 1632; x_wconf 90' lang='lat' dir='ltr'>neque</span> <span class='ocrx_word' id='word_1_91' title='bbox 334 1549 425 1614; x_wconf 90' lang='lat' dir='ltr'>idem</span> <span class='ocrx_word' id='word_1_92' title='bbox 455 1569 493 1614; x_wconf 87' lang='lat' dir='ltr'>ac</span> <span class='ocrx_word' id='word_1_93' title='bbox 522 1551 605 1613; x_wconf 85' lang='grc' dir='ltr'><em>Γαῖα</em></span> <span class='ocrx_word' id='word_1_94' title='bbox 637 1550 803 1634; x_wconf 80' lang='lat' dir='ltr'>significat</span> <span class='ocrx_word' id='word_1_95' title='bbox 837 1555 871 1615; x_wconf 86' lang='lat' dir='ltr'>et</span> <span class='ocrx_word' id='word_1_96' title='bbox 898 1553 1159 1637; x_wconf 76' lang='lat' dir='ltr'>transpositione</span> <span class='ocrx_word' id='word_1_97' title='bbox 1191 1571 1236 1616; x_wconf 84' lang='lat' dir='ltr'>ex</span> 
     </span>
     <span class='ocr_line' id='line_1_13' title="bbox 58 1647 1236 1740; baseline 0.005 -24"><span class='ocrx_word' id='word_1_98' title='bbox 58 1647 117 1734; x_wconf 74' lang='grc' dir='ltr'>ἔρα</span> <span class='ocrx_word' id='word_1_99' title='bbox 151 1656 338 1722; x_wconf 85' lang='lat' dir='ltr'>confectum</span> <span class='ocrx_word' id='word_1_100' title='bbox 371 1652 465 1740; x_wconf 78' lang='lat' dir='ltr'>est4),</span> <span class='ocrx_word' id='word_1_101' title='bbox 498 1675 607 1738; x_wconf 90' lang='lat' dir='ltr'>neque</span> <span class='ocrx_word' id='word_1_102' title='bbox 643 1657 685 1720; x_wconf 94' lang='lat' dir='ltr'>ad</span> <span class='ocrx_word' id='word_1_103' title='bbox 718 1657 866 1722; x_wconf 91' lang='lat' dir='ltr'>radicem</span> <span class='ocrx_word' id='word_1_104' title='bbox 893 1653 965 1735; x_wconf 72' lang='lat' dir='ltr'>deo·</span> <span class='ocrx_word' id='word_1_105' title='bbox 991 1659 1014 1722; x_wconf 87' lang='lat' dir='ltr'>i.</span> <span class='ocrx_word' id='word_1_106' title='bbox 1047 1677 1074 1722; x_wconf 90' lang='lat' dir='ltr'>e.</span> <span class='ocrx_word' id='word_1_107' title='bbox 1101 1677 1236 1722; x_wconf 89' lang='lat' dir='ltr'>manare</span> 
     </span>
     <span class='ocr_line' id='line_1_14' title="bbox 56 1758 1236 1847; baseline 0.003 -22"><span class='ocrx_word' id='word_1_108' title='bbox 56 1762 273 1827; x_wconf 88' lang='lat' dir='ltr'>referendum</span> <span class='ocrx_word' id='word_1_109' title='bbox 296 1782 370 1829; x_wconf 90' lang='lat' dir='ltr'>esse</span> <span class='ocrx_word' id='word_1_110' title='bbox 387 1783 507 1828; x_wconf 90' lang='lat' dir='ltr'>censeo</span> <span class='ocrx_word' id='word_1_111' title='bbox 517 1758 552 1846; x_wconf 82' lang='lat'>⁵),</span> <span class='ocrx_word' id='word_1_112' title='bbox 576 1782 652 1827; x_wconf 91' lang='lat' dir='ltr'>cum</span> <span class='ocrx_word' id='word_1_113' title='bbox 668 1763 759 1827; x_wconf 90' lang='lat' dir='ltr'>aliud</span> <span class='ocrx_word' id='word_1_114' title='bbox 775 1765 819 1827; x_wconf 87' lang='lat' dir='ltr'>sit</span> <span class='ocrx_word' id='word_1_115' title='bbox 834 1783 978 1847; x_wconf 88' lang='lat' dir='ltr'>manare,</span> <span class='ocrx_word' id='word_1_116' title='bbox 1003 1763 1094 1828; x_wconf 88' lang='lat' dir='ltr'>aliud</span> <span class='ocrx_word' id='word_1_117' title='bbox 1108 1763 1236 1828; x_wconf 87' lang='lat' dir='ltr'>fontem</span> 
     </span>
     <span class='ocr_line' id='line_1_15' title="bbox 59 1871 1238 1953; baseline 0 -19"><span class='ocrx_word' id='word_1_118' title='bbox 59 1888 148 1934; x_wconf 89' lang='lat' dir='ltr'>esse:</span> <span class='ocrx_word' id='word_1_119' title='bbox 172 1889 251 1934; x_wconf 92' lang='lat' dir='ltr'>nam</span> <span class='ocrx_word' id='word_1_120' title='bbox 272 1873 431 1953; x_wconf 87' lang='lat' dir='ltr'>tanquam</span> <span class='ocrx_word' id='word_1_121' title='bbox 453 1871 580 1935; x_wconf 87' lang='lat' dir='ltr'>fontem</span> <span class='ocrx_word' id='word_1_122' title='bbox 603 1872 751 1934; x_wconf 91' lang='lat' dir='ltr'>omnium</span> <span class='ocrx_word' id='word_1_123' title='bbox 778 1871 915 1935; x_wconf 90' lang='lat' dir='ltr'>deorum</span> <span class='ocrx_word' id='word_1_124' title='bbox 945 1874 979 1934; x_wconf 90' lang='lat' dir='ltr'>et</span> <span class='ocrx_word' id='word_1_125' title='bbox 1006 1871 1177 1934; x_wconf 92' lang='lat' dir='ltr'>hominum</span> <span class='ocrx_word' id='word_1_126' title='bbox 1202 1873 1238 1934; x_wconf 88' lang='lat' dir='ltr'>et</span> 
     </span>
     <span class='ocr_line' id='line_1_16' title="bbox 57 1976 1238 2062; baseline 0 -22"><span class='ocrx_word' id='word_1_127' title='bbox 57 1996 173 2042; x_wconf 91' lang='lat' dir='ltr'>rerum</span> <span class='ocrx_word' id='word_1_128' title='bbox 195 1995 317 2040; x_wconf 93' lang='lat' dir='ltr'>nomen</span> <span class='ocrx_word' id='word_1_129' title='bbox 339 1977 650 2062; x_wconf 86' lang='lat' dir='ltr'>interpretabantur.</span> <span class='ocrx_word' id='word_1_130' title='bbox 696 1976 802 2042; x_wconf 90' lang='lat' dir='ltr'>Immo</span> <span class='ocrx_word' id='word_1_131' title='bbox 825 1977 941 2042; x_wconf 89' lang='lat' dir='ltr'>Rheae</span> <span class='ocrx_word' id='word_1_132' title='bbox 968 1979 1113 2042; x_wconf 90' lang='lat' dir='ltr'>nominis</span> <span class='ocrx_word' id='word_1_133' title='bbox 1137 1978 1238 2061; x_wconf 85' lang='lat' dir='ltr'>origi-</span> 
     </span>
     <span class='ocr_line' id='line_1_17' title="bbox 56 2083 1282 2167; baseline -0.002 -19"><span class='ocrx_word' id='word_1_134' title='bbox 56 2103 138 2149; x_wconf 93' lang='lat' dir='ltr'>nem</span> <span class='ocrx_word' id='word_1_135' title='bbox 166 2103 184 2148; x_wconf 90' lang='lat' dir='ltr'>e</span> <span class='ocrx_word' id='word_1_136' title='bbox 210 2083 410 2148; x_wconf 81' lang='lat' dir='ltr'>Semitarum</span> <span class='ocrx_word' id='word_1_137' title='bbox 437 2086 552 2167; x_wconf 84' lang='lat' dir='ltr'>lingua</span> <span class='ocrx_word' id='word_1_138' title='bbox 580 2084 795 2148; x_wconf 89' lang='lat' dir='ltr'>derivandam</span> <span class='ocrx_word' id='word_1_139' title='bbox 824 2103 899 2149; x_wconf 89' lang='lat' dir='ltr'>esse</span> <span class='ocrx_word' id='word_1_140' title='bbox 927 2084 1078 2166; x_wconf 83' lang='lat' dir='ltr'>arbitror,</span> <span class='ocrx_word' id='word_1_141' title='bbox 1106 2085 1143 2148; x_wconf 91' lang='lat' dir='ltr'>in</span> <span class='ocrx_word' id='word_1_142' title='bbox 1172 2103 1238 2165; x_wconf 90' lang='lat' dir='ltr'>qua</span> <span class='ocrx_word' id='word_1_143' title='bbox 1278 2111 1282 2118; x_wconf 92' lang='lat'><strong>·</strong></span> 
     </span>
     <span class='ocr_line' id='line_1_18' title="bbox 58 2187 1237 2274; baseline 0 -20"><span class='ocrx_word' id='word_1_144' title='bbox 58 2199 133 2270; x_wconf 67' lang='grc' dir='ltr'>Πνη</span> <span class='ocrx_word' id='word_1_145' title='bbox 169 2192 293 2255; x_wconf 90' lang='lat' dir='ltr'>sociam</span> <span class='ocrx_word' id='word_1_146' title='bbox 326 2193 382 2256; x_wconf 86' lang='lat' dir='ltr'>vel</span> <span class='ocrx_word' id='word_1_147' title='bbox 416 2193 558 2255; x_wconf 85' lang='lat' dir='ltr'>amicam</span> <span class='ocrx_word' id='word_1_148' title='bbox 593 2187 804 2274; x_wconf 80' lang='lat' dir='ltr'>significat⁶).</span> <span class='ocrx_word' id='word_1_149' title='bbox 865 2189 979 2255; x_wconf 78' lang='lat' dir='ltr'>Talem</span> <span class='ocrx_word' id='word_1_150' title='bbox 1020 2209 1099 2254; x_wconf 77' lang='lat' dir='ltr'>vero</span> <span class='ocrx_word' id='word_1_151' title='bbox 1139 2187 1237 2254; x_wconf 91' lang='lat' dir='ltr'>deam</span> 
     </span>
     <span class='ocr_line' id='line_1_19' title="bbox 56 2294 1236 2382; baseline 0 -22"><span class='ocrx_word' id='word_1_152' title='bbox 56 2302 207 2362; x_wconf 87' lang='lat' dir='ltr'>nostram</span> <span class='ocrx_word' id='word_1_153' title='bbox 230 2298 430 2382; x_wconf 85' lang='lat' dir='ltr'>appellatam</span> <span class='ocrx_word' id='word_1_154' title='bbox 453 2315 528 2362; x_wconf 88' lang='lat' dir='ltr'>esse</span> <span class='ocrx_word' id='word_1_155' title='bbox 552 2315 682 2380; x_wconf 89' lang='lat' dir='ltr'>censeo,</span> <span class='ocrx_word' id='word_1_156' title='bbox 707 2298 794 2379; x_wconf 92' lang='lat' dir='ltr'>quod</span> <span class='ocrx_word' id='word_1_157' title='bbox 818 2297 917 2363; x_wconf 79' lang='lat' dir='ltr'>Croni</span> <span class='ocrx_word' id='word_1_158' title='bbox 939 2297 960 2360; x_wconf 94' lang='grc'>1.</span> <span class='ocrx_word' id='word_1_159' title='bbox 977 2315 1004 2361; x_wconf 94' lang='lat' dir='ltr'>e.</span> <span class='ocrx_word' id='word_1_160' title='bbox 1018 2294 1096 2360; x_wconf 92' lang='lat' dir='ltr'>Beli</span> <span class='ocrx_word' id='word_1_161' title='bbox 1112 2297 1236 2361; x_wconf 81' lang='lat' dir='ltr'>coniux</span> 
     </span>
     <span class='ocr_line' id='line_1_20' title="bbox 56 2403 254 2468; baseline 0 0"><span class='ocrx_word' id='word_1_162' title='bbox 56 2403 254 2468; x_wconf 87' lang='lat' dir='ltr'>habebatur.</span> 
     </span>
    </p>
   </div>
   <div class='ocr_carea' id='block_1_2' title="bbox 57 2579 1243 3517">
    <p class='ocr_par' dir='ltr' id='par_1_3' title="bbox 57 2579 1243 3517">
     <span class='ocr_line' id='line_1_21' title="bbox 150 2579 1239 2664; baseline -0.002 -18"><span class='ocrx_word' id='word_1_163' title='bbox 150 2583 305 2647; x_wconf 87' lang='lat' dir='ltr'>Alterum</span> <span class='ocrx_word' id='word_1_164' title='bbox 327 2601 408 2646; x_wconf 90' lang='lat' dir='ltr'>vero</span> <span class='ocrx_word' id='word_1_165' title='bbox 429 2601 553 2646; x_wconf 93' lang='lat' dir='ltr'>nomen</span> <span class='ocrx_word' id='word_1_166' title='bbox 576 2579 726 2662; x_wconf 80' lang='lat' dir='ltr'>Cybelo</span> <span class='ocrx_word' id='word_1_167' title='bbox 755 2580 849 2646; x_wconf 91' lang='lat' dir='ltr'>illius</span> <span class='ocrx_word' id='word_1_168' title='bbox 884 2582 1110 2664; x_wconf 83' lang='lat' dir='ltr'>appositivum</span> <span class='ocrx_word' id='word_1_169' title='bbox 1133 2581 1239 2645; x_wconf 85' lang='lat' dir='ltr'>fuisse</span> 
     </span>
     <span class='ocr_line' id='line_1_22' title="bbox 57 2684 1241 2772; baseline -0.001 -19"><span class='ocrx_word' id='word_1_170' title='bbox 57 2689 202 2771; x_wconf 73' lang='lat' dir='ltr'>videtum,</span> <span class='ocrx_word' id='word_1_171' title='bbox 231 2690 318 2772; x_wconf 93' lang='lat' dir='ltr'>qnod</span> <span class='ocrx_word' id='word_1_172' title='bbox 341 2689 465 2772; x_wconf 88' lang='lat' dir='ltr'>optime</span> <span class='ocrx_word' id='word_1_173' title='bbox 488 2686 581 2771; x_wconf 88' lang='lat' dir='ltr'>deae,</span> <span class='ocrx_word' id='word_1_174' title='bbox 612 2705 711 2769; x_wconf 89' lang='lat' dir='ltr'>quam</span> <span class='ocrx_word' id='word_1_175' title='bbox 733 2684 822 2766; x_wconf 86' lang='lat' dir='ltr'>Lydi</span> <span class='ocrx_word' id='word_1_176' title='bbox 846 2705 865 2749; x_wconf 87' lang='lat' dir='ltr'>a</span> <span class='ocrx_word' id='word_1_177' title='bbox 887 2684 1078 2772; x_wconf 78' lang='lat' dir='ltr'>Phrygibus</span> <span class='ocrx_word' id='word_1_178' title='bbox 1102 2706 1241 2771; x_wconf 88' lang='lat' dir='ltr'>recepe-</span> 
     </span>
     <span class='ocr_line' id='line_1_23' title="bbox 58 2787 1239 2879; baseline -0.003 -19"><span class='ocrx_word' id='word_1_179' title='bbox 58 2800 148 2879; x_wconf 90' lang='lat' dir='ltr'>runt,</span> <span class='ocrx_word' id='word_1_180' title='bbox 173 2797 337 2877; x_wconf 83' lang='lat' dir='ltr'>convenit,</span> <span class='ocrx_word' id='word_1_181' title='bbox 361 2813 437 2859; x_wconf 90' lang='lat' dir='ltr'>cum</span> <span class='ocrx_word' id='word_1_182' title='bbox 460 2794 551 2859; x_wconf 88' lang='lat' dir='ltr'>idem</span> <span class='ocrx_word' id='word_1_183' title='bbox 572 2794 708 2858; x_wconf 92' lang='lat' dir='ltr'>notione</span> <span class='ocrx_word' id='word_1_184' title='bbox 733 2793 777 2854; x_wconf 87' lang='lat' dir='ltr'>sit</span> <span class='ocrx_word' id='word_1_185' title='bbox 800 2796 900 2874; x_wconf 87' lang='lat' dir='ltr'>atque</span> <span class='ocrx_word' id='word_1_186' title='bbox 913 2787 1094 2874; x_wconf 77' lang='grc' dir='ltr'><strong><em>Ἀρτέμιδος</em></strong></span> <span class='ocrx_word' id='word_1_187' title='bbox 1108 2812 1239 2877; x_wconf 86' lang='lat' dir='ltr'>nomen,</span> 
     </span>
     <span class='ocr_line' id='line_1_24' title="bbox 58 2893 1235 2988; baseline -0.004 -20"><span class='ocrx_word' id='word_1_188' title='bbox 58 2921 182 2988; x_wconf 89' lang='lat' dir='ltr'>nempe</span> <span class='ocrx_word' id='word_1_189' title='bbox 203 2893 360 2968; x_wconf 84' lang='lat' dir='ltr'>‘excelsa&#39;</span> <span class='ocrx_word' id='word_1_190' title='bbox 390 2921 434 2966; x_wconf 87' lang='lat' dir='ltr'>sc.</span> <span class='ocrx_word' id='word_1_191' title='bbox 464 2901 536 2966; x_wconf 88' lang='lat' dir='ltr'>dea.</span> <span class='ocrx_word' id='word_1_192' title='bbox 580 2899 676 2964; x_wconf 90' lang='lat' dir='ltr'>Haeo</span> <span class='ocrx_word' id='word_1_193' title='bbox 702 2899 934 2982; x_wconf 86' lang='lat' dir='ltr'>interpretatio</span> <span class='ocrx_word' id='word_1_194' title='bbox 961 2898 1127 2978; x_wconf 82' lang='lat' dir='ltr'>Hesychii</span> <span class='ocrx_word' id='word_1_195' title='bbox 1161 2900 1235 2963; x_wconf 89' lang='lat' dir='ltr'>loco</span> 
     </span>
     <span class='ocr_line' id='line_1_25' title="bbox 58 2997 1241 3093; baseline -0.007 -18"><span class='ocrx_word' id='word_1_196' title='bbox 58 3010 221 3093; x_wconf 84' lang='lat' dir='ltr'>firmatur,</span> <span class='ocrx_word' id='word_1_197' title='bbox 257 3011 316 3093; x_wconf 91' lang='lat' dir='ltr'>qui</span> <span class='ocrx_word' id='word_1_198' title='bbox 343 3029 369 3076; x_wconf 89' lang='lat' dir='ltr'>s.</span> <span class='ocrx_word' id='word_1_199' title='bbox 397 3028 429 3073; x_wconf 79' lang='lat' dir='ltr'>v,</span> <span class='ocrx_word' id='word_1_200' title='bbox 462 3002 594 3087; x_wconf 81' lang='grc' dir='ltr'><em>Κύβελα</em></span> <span class='ocrx_word' id='word_1_201' title='bbox 621 3006 721 3068; x_wconf 89' lang='lat' dir='ltr'>haec:</span> <span class='ocrx_word' id='word_1_202' title='bbox 753 2999 882 3085; x_wconf 78' lang='grc' dir='ltr'><strong><em>κύβελα,</em></strong></span> <span class='ocrx_word' id='word_1_203' title='bbox 912 2997 973 3085; x_wconf 81' lang='grc' dir='ltr'>ὅρη</span> <span class='ocrx_word' id='word_1_204' title='bbox 1005 3003 1152 3086; x_wconf 78' lang='grc' dir='ltr'><strong><em>Φρυγίας</em></strong></span> <span class='ocrx_word' id='word_1_205' title='bbox 1183 3001 1241 3067; x_wconf 78' lang='grc' dir='ltr'>καὶ</span> 
     </span>
     <span class='ocr_line' id='line_1_26' title="bbox 60 3092 1239 3201; baseline -0.004 -23"><span class='ocrx_word' id='word_1_206' title='bbox 60 3110 166 3196; x_wconf 76' lang='grc' dir='ltr'><strong><em>ἄντρα</em></strong></span> <span class='ocrx_word' id='word_1_207' title='bbox 191 3111 247 3178; x_wconf 79' lang='grc' dir='ltr'>καὶ</span> <span class='ocrx_word' id='word_1_208' title='bbox 273 3109 423 3196; x_wconf 76' lang='grc' dir='ltr'><strong><em>θάλαμοι.</em></strong></span> <span class='ocrx_word' id='word_1_209' title='bbox 467 3113 574 3195; x_wconf 36' lang='lat' dir='ltr'>‚Duae</span> <span class='ocrx_word' id='word_1_210' title='bbox 605 3112 708 3196; x_wconf 77' lang='lat' dir='ltr'>igitur</span> <span class='ocrx_word' id='word_1_211' title='bbox 741 3109 894 3201; x_wconf 85' lang='lat' dir='ltr'>notiones</span> <span class='ocrx_word' id='word_1_212' title='bbox 928 3109 966 3170; x_wconf 90' lang='lat' dir='ltr'>in</span> <span class='ocrx_word' id='word_1_213' title='bbox 1001 3108 1116 3173; x_wconf 89' lang='lat' dir='ltr'>radice</span> <span class='ocrx_word' id='word_1_214' title='bbox 1157 3092 1239 3194; x_wconf 65' lang='lat'>5:12,</span> 
     </span>
     <span class='ocr_line' id='line_1_27' title="bbox 60 3213 1241 3306; baseline -0.002 -21"><span class='ocrx_word' id='word_1_215' title='bbox 60 3241 164 3304; x_wconf 88' lang='lat' dir='ltr'>quam</span> <span class='ocrx_word' id='word_1_216' title='bbox 190 3221 436 3306; x_wconf 84' lang='lat' dir='ltr'>substituimus,</span> <span class='ocrx_word' id='word_1_217' title='bbox 471 3222 587 3286; x_wconf 89' lang='lat' dir='ltr'>insunt</span> <span class='ocrx_word' id='word_1_218' title='bbox 621 3217 773 3298; x_wconf 89' lang='lat' dir='ltr'>eaedem,</span> <span class='ocrx_word' id='word_1_219' title='bbox 808 3232 891 3297; x_wconf 86' lang='lat' dir='ltr'>quas</span> <span class='ocrx_word' id='word_1_220' title='bbox 924 3213 1085 3280; x_wconf 88' lang='lat' dir='ltr'>Latinum</span> <span class='ocrx_word' id='word_1_221' title='bbox 1118 3237 1241 3282; x_wconf 89' lang='lat' dir='ltr'>nomen</span> 
     </span>
     <span class='ocr_line' id='line_1_28' title="bbox 60 3312 1243 3412; baseline -0.004 -19"><span class='ocrx_word' id='word_1_222' title='bbox 60 3321 190 3393; x_wconf 86' lang='lat' dir='ltr'>‘altum&#39;</span> <span class='ocrx_word' id='word_1_223' title='bbox 220 3330 461 3412; x_wconf 88' lang='lat' dir='ltr'>complectitur,</span> <span class='ocrx_word' id='word_1_224' title='bbox 490 3346 611 3411; x_wconf 89' lang='lat' dir='ltr'>nempe</span> <span class='ocrx_word' id='word_1_225' title='bbox 637 3329 671 3390; x_wconf 92' lang='lat' dir='ltr'>et</span> <span class='ocrx_word' id='word_1_226' title='bbox 690 3314 840 3388; x_wconf 82' lang='lat' dir='ltr'>‘summi&#39;</span> <span class='ocrx_word' id='word_1_227' title='bbox 867 3326 901 3386; x_wconf 92' lang='lat' dir='ltr'>et</span> <span class='ocrx_word' id='word_1_228' title='bbox 917 3312 1089 3407; x_wconf 84' lang='lat' dir='ltr'>‘profundi</span> <span class='ocrx_word' id='word_1_229' title='bbox 1111 3326 1167 3389; x_wconf 88' lang='lat' dir='ltr'>vel</span> <span class='ocrx_word' id='word_1_230' title='bbox 1189 3343 1243 3388; x_wconf 93' lang='lat' dir='ltr'>re-</span> 
     </span>
     <span class='ocr_line' id='line_1_29' title="bbox 63 3427 1241 3517; baseline -0.004 -18"><span class='ocrx_word' id='word_1_231' title='bbox 63 3427 199 3500; x_wconf 87' lang='lat' dir='ltr'>conditi&#39;</span> <span class='ocrx_word' id='word_1_232' title='bbox 230 3429 346 3517; x_wconf 66' lang='grc' dir='ltr'><strong><em>(ἄντρα</em></strong></span> <span class='ocrx_word' id='word_1_233' title='bbox 365 3431 421 3498; x_wconf 78' lang='grc' dir='ltr'>καὶ</span> <span class='ocrx_word' id='word_1_234' title='bbox 442 3431 607 3515; x_wconf 74' lang='grc' dir='ltr'><strong>θάλαμοι).</strong></span> <span class='ocrx_word' id='word_1_235' title='bbox 652 3431 717 3496; x_wconf 82' lang='lat' dir='ltr'>Sed</span> <span class='ocrx_word' id='word_1_236' title='bbox 745 3431 798 3494; x_wconf 90' lang='lat' dir='ltr'>illi</span> <span class='ocrx_word' id='word_1_237' title='bbox 825 3430 954 3493; x_wconf 91' lang='lat' dir='ltr'>notioni</span> <span class='ocrx_word' id='word_1_238' title='bbox 981 3430 1057 3513; x_wconf 90' lang='lat' dir='ltr'>plus</span> <span class='ocrx_word' id='word_1_239' title='bbox 1079 3431 1241 3495; x_wconf 91' lang='lat' dir='ltr'>momenti</span> 
     </span>
    </p>
   </div>
   <div class='ocr_carea' id='block_1_3' title="bbox 61 3610 279 3625">
    <p class='ocr_par' dir='ltr' id='par_1_4' title="bbox 61 3610 279 3625">
     <span class='ocr_line' id='line_1_30' title="bbox 61 3610 279 3625; baseline -0.014 0"><span class='ocrx_word' id='word_1_240' title='bbox 61 3610 279 3625; x_wconf 53' lang='lat'>*—</span> 
     </span>
    </p>
   </div>
   <div class='ocr_carea' id='block_1_4' title="bbox 138 3730 1243 3906">
    <p class='ocr_par' dir='ltr' id='par_1_5' title="bbox 138 3730 1243 3906">
     <span class='ocr_line' id='line_1_31' title="bbox 140 3730 774 3804; baseline -0.008 -14"><span class='ocrx_word' id='word_1_241' title='bbox 140 3733 160 3802; x_wconf 85' lang='lat'>¹)</span> <span class='ocrx_word' id='word_1_242' title='bbox 177 3735 212 3790; x_wconf 83' lang='lat' dir='ltr'>cf.</span> <span class='ocrx_word' id='word_1_243' title='bbox 231 3735 382 3802; x_wconf 87' lang='lat' dir='ltr'>Preller,</span> <span class='ocrx_word' id='word_1_244' title='bbox 401 3734 491 3804; x_wconf 84' lang='lat' dir='ltr'>Myth·</span> <span class='ocrx_word' id='word_1_245' title='bbox 510 3733 557 3789; x_wconf 78' lang='lat' dir='ltr'>Gr.</span> <span class='ocrx_word' id='word_1_246' title='bbox 576 3733 597 3799; x_wconf 86' lang='grc' dir='ltr'>Ι,</span> <span class='ocrx_word' id='word_1_247' title='bbox 615 3751 643 3802; x_wconf 88' lang='lat' dir='ltr'>p.</span> <span class='ocrx_word' id='word_1_248' title='bbox 663 3730 714 3786; x_wconf 81' lang='lat'>527</span> <span class='ocrx_word' id='word_1_249' title='bbox 733 3748 774 3800; x_wconf 92' lang='lat' dir='ltr'>sq.</span> 
     </span>
     <span class='ocr_line' id='line_1_32' title="bbox 138 3813 1243 3906; baseline -0.006 -27"><span class='ocrx_word' id='word_1_250' title='bbox 138 3818 160 3891; x_wconf 78' lang='lat'>²)</span> <span class='ocrx_word' id='word_1_251' title='bbox 179 3813 220 3878; x_wconf 83' lang='lat' dir='ltr'>De</span> <span class='ocrx_word' id='word_1_252' title='bbox 238 3824 344 3879; x_wconf 85' lang='lat' dir='ltr'>Attidis</span> <span class='ocrx_word' id='word_1_253' title='bbox 369 3823 466 3878; x_wconf 80' lang='lat' dir='ltr'>fabula</span> <span class='ocrx_word' id='word_1_254' title='bbox 489 3821 614 3877; x_wconf 81' lang='lat' dir='ltr'>conferre</span> <span class='ocrx_word' id='word_1_255' title='bbox 638 3821 706 3876; x_wconf 88' lang='lat' dir='ltr'>licet</span> <span class='ocrx_word' id='word_1_256' title='bbox 727 3819 771 3875; x_wconf 81' lang='lat' dir='ltr'>Fr.</span> <span class='ocrx_word' id='word_1_257' title='bbox 789 3819 1010 3885; x_wconf 84' lang='lat' dir='ltr'>Lenormant,</span> <span class='ocrx_word' id='word_1_258' title='bbox 1036 3816 1088 3906; x_wconf 87' lang='lat' dir='ltr'>Die</span> <span class='ocrx_word' id='word_1_259' title='bbox 1109 3816 1243 3886; x_wconf 70' lang='lat' dir='ltr'>Antbnge</span> 
     </span>
    </p>
   </div>
   <div class='ocr_carea' id='block_1_5' title="bbox 41 3911 1241 4072">
    <p class='ocr_par' dir='ltr' id='par_1_6' title="bbox 41 3911 1241 4072">
     <span class='ocr_line' id='line_1_33' title="bbox 62 3911 473 3983; baseline -0.005 -14"><span class='ocrx_word' id='word_1_260' title='bbox 62 3915 113 3969; x_wconf 64' lang='grc' dir='ltr'>τοι</span> <span class='ocrx_word' id='word_1_261' title='bbox 131 3911 238 3969; x_wconf 71' lang='lat' dir='ltr'>curcur.</span> <span class='ocrx_word' id='word_1_262' title='bbox 274 3912 296 3968; x_wconf 89' lang='lat'>1.</span> <span class='ocrx_word' id='word_1_263' title='bbox 315 3931 343 3983; x_wconf 76' lang='lat' dir='ltr'>p.</span> <span class='ocrx_word' id='word_1_264' title='bbox 361 3912 414 3967; x_wconf 79' lang='lat'>249</span> <span class='ocrx_word' id='word_1_265' title='bbox 432 3928 473 3980; x_wconf 75' lang='lat' dir='ltr'>sq.</span> 
     </span>
     <span class='ocr_line' id='line_1_34' title="bbox 41 3989 1241 4072; baseline -0.007 -12"><span class='ocrx_word' id='word_1_266' title='bbox 41 3989 43 3994; x_wconf 83' lang='lat'>&#39;</span> <span class='ocrx_word' id='word_1_267' title='bbox 140 3999 162 4070; x_wconf 71' lang='grc'>8)</span> <span class='ocrx_word' id='word_1_268' title='bbox 181 4002 216 4058; x_wconf 71' lang='lat' dir='ltr'>cf.</span> <span class='ocrx_word' id='word_1_269' title='bbox 235 4001 308 4058; x_wconf 81' lang='lat' dir='ltr'>rm.</span> <span class='ocrx_word' id='word_1_270' title='bbox 327 4002 409 4072; x_wconf 69' lang='lat' dir='ltr'>eyn.</span> <span class='ocrx_word' id='word_1_271' title='bbox 431 4001 466 4056; x_wconf 74' lang='lat' dir='ltr'>rr.</span> <span class='ocrx_word' id='word_1_272' title='bbox 485 4000 511 4067; x_wconf 83' lang='grc' dir='ltr'>τ,</span> <span class='ocrx_word' id='word_1_273' title='bbox 536 3999 571 4054; x_wconf 83' lang='lat'>20</span> <span class='ocrx_word' id='word_1_274' title='bbox 591 3999 632 4070; x_wconf 86' lang='lat' dir='ltr'>(c.</span> <span class='ocrx_word' id='word_1_275' title='bbox 651 3997 810 4059; x_wconf 73' lang='lat' dir='ltr'>uuerrer,</span> <span class='ocrx_word' id='word_1_276' title='bbox 834 3994 867 4049; x_wconf 79' lang='lat' dir='ltr'>n.</span> <span class='ocrx_word' id='word_1_277' title='bbox 885 3996 950 4051; x_wconf 66' lang='lat' dir='ltr'>hiso.</span> <span class='ocrx_word' id='word_1_278' title='bbox 975 3993 1021 4050; x_wconf 74' lang='lat' dir='ltr'>or.</span> <span class='ocrx_word' id='word_1_279' title='bbox 1040 3993 1090 4062; x_wconf 88' lang='lat' dir='ltr'>nr,</span> <span class='ocrx_word' id='word_1_280' title='bbox 1116 4012 1143 4064; x_wconf 78' lang='lat' dir='ltr'>p.</span> <span class='ocrx_word' id='word_1_281' title='bbox 1164 3993 1241 4064; x_wconf 60' lang='lat' dir='ltr'>sess</span> 
     </span>
    </p>
   </div>
   <div class='ocr_carea' id='block_1_6' title="bbox 62 4072 1240 4337">
    <p class='ocr_par' dir='ltr' id='par_1_7' title="bbox 62 4072 1240 4337">
     <span class='ocr_line' id='line_1_35' title="bbox 62 4072 1240 4163; baseline -0.008 -17"><span class='ocrx_word' id='word_1_282' title='bbox 62 4087 165 4163; x_wconf 77' lang='grc' dir='ltr'><strong><em>Κρόνῳ</em></strong></span> <span class='ocrx_word' id='word_1_283' title='bbox 189 4085 220 4142; x_wconf 70' lang='grc' dir='ltr'>δὲ</span> <span class='ocrx_word' id='word_1_284' title='bbox 241 4084 364 4158; x_wconf 52' lang='lat' dir='ltr'>hirom</span> <span class='ocrx_word' id='word_1_285' title='bbox 387 4084 445 4143; x_wconf 79' lang='grc' dir='ltr'>ἀπὸ</span> <span class='ocrx_word' id='word_1_286' title='bbox 458 4083 602 4157; x_wconf 76' lang='grc' dir='ltr'>Ἀστάρτης</span> <span class='ocrx_word' id='word_1_287' title='bbox 621 4081 771 4154; x_wconf 64' lang='grc' dir='ltr'><strong><em>θυγατέρες</em></strong></span> <span class='ocrx_word' id='word_1_288' title='bbox 793 4078 862 4136; x_wconf 73' lang='grc' dir='ltr'>ἑπτὰ</span> <span class='ocrx_word' id='word_1_289' title='bbox 883 4081 1023 4144; x_wconf 76' lang='grc' dir='ltr'><strong><em>Τιτανίδες</em></strong></span> <span class='ocrx_word' id='word_1_290' title='bbox 1044 4072 1062 4150; x_wconf 73' lang='grc' dir='ltr'><strong>ἢ</strong></span> <span class='ocrx_word' id='word_1_291' title='bbox 1084 4078 1240 4152; x_wconf 74' lang='grc' dir='ltr'><strong><em>Ἀρτέμιδες.</em></strong></span> 
     </span>
     <span class='ocr_line' id='line_1_36' title="bbox 62 4175 540 4249; baseline -0.002 -15"><span class='ocrx_word' id='word_1_292' title='bbox 62 4177 237 4242; x_wconf 83' lang='lat' dir='ltr'>Welclrer‚</span> <span class='ocrx_word' id='word_1_293' title='bbox 255 4177 306 4234; x_wconf 74' lang='lat' dir='ltr'>Th.</span> <span class='ocrx_word' id='word_1_294' title='bbox 325 4176 373 4233; x_wconf 80' lang='lat' dir='ltr'>Gr.</span> <span class='ocrx_word' id='word_1_295' title='bbox 392 4177 414 4248; x_wconf 89' lang='lat' dir='ltr'>I,</span> <span class='ocrx_word' id='word_1_296' title='bbox 431 4195 460 4249; x_wconf 89' lang='lat' dir='ltr'>p.</span> <span class='ocrx_word' id='word_1_297' title='bbox 481 4175 540 4233; x_wconf 80' lang='lat'>148.</span> 
     </span>
     <span class='ocr_line' id='line_1_37' title="bbox 138 4260 728 4337; baseline -0.014 -15"><span class='ocrx_word' id='word_1_298' title='bbox 138 4265 161 4335; x_wconf 82' lang='lat'>⁴)</span> <span class='ocrx_word' id='word_1_299' title='bbox 181 4268 215 4322; x_wconf 79' lang='lat' dir='ltr'>uf.</span> <span class='ocrx_word' id='word_1_300' title='bbox 234 4266 387 4337; x_wconf 65' lang='lat' dir='ltr'>heller,</span> <span class='ocrx_word' id='word_1_301' title='bbox 405 4267 495 4337; x_wconf 78' lang='lat' dir='ltr'>Myth.</span> <span class='ocrx_word' id='word_1_302' title='bbox 514 4265 561 4322; x_wconf 84' lang='lat' dir='ltr'>Gr.</span> <span class='ocrx_word' id='word_1_303' title='bbox 579 4265 601 4332; x_wconf 86' lang='lat' dir='ltr'>I,</span> <span class='ocrx_word' id='word_1_304' title='bbox 620 4282 648 4334; x_wconf 88' lang='lat' dir='ltr'>p.</span> <span class='ocrx_word' id='word_1_305' title='bbox 668 4260 728 4316; x_wconf 81' lang='lat'>526.</span> 
     </span>
    </p>
   </div>
   <div class='ocr_carea' id='block_1_7' title="bbox 139 4348 784 4517">
    <p class='ocr_par' dir='ltr' id='par_1_8' title="bbox 139 4348 784 4517">
     <span class='ocr_line' id='line_1_38' title="bbox 139 4348 784 4426; baseline -0.014 -14"><span class='ocrx_word' id='word_1_306' title='bbox 139 4353 163 4425; x_wconf 57' lang='grc'>15)</span> <span class='ocrx_word' id='word_1_307' title='bbox 182 4356 257 4412; x_wconf 87' lang='lat' dir='ltr'>Plat.</span> <span class='ocrx_word' id='word_1_308' title='bbox 276 4355 349 4411; x_wconf 75' lang='lat' dir='ltr'>crea.</span> <span class='ocrx_word' id='word_1_309' title='bbox 368 4374 396 4426; x_wconf 83' lang='lat' dir='ltr'>p·</span> <span class='ocrx_word' id='word_1_310' title='bbox 414 4354 467 4410; x_wconf 79' lang='lat'>402</span> <span class='ocrx_word' id='word_1_311' title='bbox 486 4355 518 4410; x_wconf 90' lang='lat' dir='ltr'>B.</span> <span class='ocrx_word' id='word_1_312' title='bbox 553 4353 597 4410; x_wconf 81' lang='lat' dir='ltr'>Et.</span> <span class='ocrx_word' id='word_1_313' title='bbox 615 4352 654 4409; x_wconf 88' lang='lat' dir='ltr'>M.</span> <span class='ocrx_word' id='word_1_314' title='bbox 672 4367 692 4407; x_wconf 88' lang='lat' dir='ltr'>a.</span> <span class='ocrx_word' id='word_1_315' title='bbox 710 4348 739 4405; x_wconf 86' lang='lat' dir='ltr'>h.</span> <span class='ocrx_word' id='word_1_316' title='bbox 758 4366 784 4404; x_wconf 84' lang='lat' dir='ltr'>v.</span> 
     </span>
     <span class='ocr_line' id='line_1_39' title="bbox 139 4442 509 4517; baseline -0.011 -13"><span class='ocrx_word' id='word_1_317' title='bbox 139 4443 163 4517; x_wconf 69' lang='grc' dir='ltr'>ο)</span> <span class='ocrx_word' id='word_1_318' title='bbox 183 4447 219 4503; x_wconf 84' lang='lat' dir='ltr'>cf.</span> <span class='ocrx_word' id='word_1_319' title='bbox 237 4445 340 4502; x_wconf 88' lang='lat' dir='ltr'>Psalm.</span> <span class='ocrx_word' id='word_1_320' title='bbox 357 4445 401 4512; x_wconf 80' lang='lat'>45,</span> <span class='ocrx_word' id='word_1_321' title='bbox 419 4463 446 4500; x_wconf 87' lang='lat' dir='ltr'>v.</span> <span class='ocrx_word' id='word_1_322' title='bbox 466 4442 509 4500; x_wconf 84' lang='lat'>15.</span> 
     </span>
    </p>
   </div>
   <div class='ocr_carea' id='block_1_8' title="bbox 0 0 1450 4868">
    <p class='ocr_par' dir='ltr' id='par_1_9' title="bbox 0 0 1450 4868">
     <span class='ocr_line' id='line_1_40' title="bbox 0 0 1450 4868; baseline 0 0"><span class='ocrx_word' id='word_1_323' title='bbox 0 0 1450 4868; x_wconf 95' lang='lat' dir='ltr'> </span> 
     </span>
    </p>
   </div>
  </div>
 </body>
</html>
