2872 4868
784 244 826 307 52

219 474 408 543 possumus,
436 473 556 537 nempe
580 455 667 535 quod
690 456 731 519 ad
755 459 902 522 omnium
925 460 1118 524 animalium
1140 464 1378 544 generationem

220 571 254 631 et
275 566 414 630 tutelam
436 564 609 646 pertineat
1361 625 1363 634 ,

306 673 367 735 Vis
402 670 530 735 Dianae
563 671 772 751 procreatrix
811 689 1011 753 quamquam
1049 692 1070 735 a
1108 677 1217 757 poetis
1254 675 1379 741 Graecis

219 784 330 846 minus
354 779 513 862 explicite
537 775 669 838 laudata
693 781 758 858 est,
786 781 898 842 tamen
922 776 1059 863 Orphici
1082 781 1199 861 hymni
1223 781 1287 864 (36,
1311 803 1339 848 v.
1353 786 1379 857 l)

220 894 313 956 extat
344 888 449 966 locus,
479 901 542 965 quo
571 881 679 946 Diana
713 884 835 948 dicitur
863 877 988 967 ἄγουσα
1010 881 1129 960 καλοὺς
1151 882 1301 970 καρποὺς
1324 883 1377 952 άπὸ

216 995 319 1079 γαίης.
372 993 494 1056 Latere
531 993 644 1053 autem
679 990 818 1054 eandem
853 991 934 1055 deae
969 999 1119 1058 naturam
1153 996 1189 1058 in
1226 997 1379 1078 laudibus,

218 1103 382 1181 existimo,
407 1097 527 1181 quibus
551 1115 569 1158 a
592 1097 699 1178 poetis
724 1097 864 1162 choreae
881 1098 1019 1183 Dianae,
1042 1120 1123 1183 quas
1142 1122 1217 1166 cum
1233 1105 1379 1187 nymphis

218 1212 326 1290 ducat,
349 1205 590 1290 praedicantur.
629 1202 701 1267 Iam
725 1205 810 1288 apud
832 1205 1015 1270 Homerum
1038 1210 1205 1292 insignem
1228 1210 1380 1276 habemus

216 1319 326 1382 locum
350 1313 377 1395 (ζ
401 1313 463 1376 102
489 1309 586 1392 sqq.):
705 1383 706 1388 η

372 1417 433 1499 Οἴη
459 1410 485 1479 d'
500 1410 648 1496 ’Ἄρτεμις
672 1408 731 1479 εἶσι
752 1421 819 1480 κατ’
844 1413 958 1499 οὔρεος
981 1405 1121 1501 ἰοχέαιρα

369 1519 392 1606 ἢ
413 1515 494 1584 κατὰ
520 1515 684 1602 Τηΰγετον
705 1518 915 1604 περιμήκετον
937 1518 960 1604 ἢ
980 1517 1187 1603 Ἐρύμανθον
1280 1581 1281 1584 ,

369 1619 544 1708 τερπομένη
568 1623 716 1703 κάπροισι
740 1623 795 1689 καὶ
817 1621 932 1712 οιίιείης
954 1623 1127 1708 ἐλάφοισιν.

367 1731 406 1815 τῇ
429 1725 463 1794 da'
483 1723 516 1792 θ’
540 1724 605 1810 ἅμα
627 1726 763 1812 νύμφαι,
785 1731 904 1811 κοῦραι
925 1725 1005 1806 Διὸς
1028 1728 1181 1813 αἰγιόχοιο

369 1827 547 1915 ἀγρονόμοι
569 1833 726 1913 παίζουσι,
749 1829 865 1916 γέγηθε
889 1829 922 1898 δέ
943 1856 976 1898 τε
998 1831 1102 1916 φρένα
1124 1829 1232 1917 Λητώ.

364 1933 502 2002 πασάων
524 1932 551 2000 d'
576 1930 656 2017 ὑπὲρ
679 1932 736 2019 ἥγε
758 1933 841 2020 κάρη
864 1933 924 2020 ἔχει
945 1934 1002 2021 ἡδὲ
1024 1935 1162 2020 μέτωπα,

368 2042 437 2124 ῥεῖα
459 2036 486 2106 δ’
510 2037 672 2124 άριγνοάτη
695 2037 830 2105 πέλεται·
854 2040 944 2106 καλοὶ
969 2037 1003 2106 da'
1023 2064 1056 2106 τε
1079 2044 1185 2108 πᾶσαι.

212 2169 376 2233 Mittimus
406 2168 546 2230 aliorum
574 2171 745 2249 poetarum
780 2166 897 2247 verba,
936 2186 1011 2231 cum
1044 2187 1130 2232 nova
1160 2169 1201 2232 ad
1232 2174 1377 2234 naturam

212 2275 340 2339 Dianae
364 2273 617 2339 describendam
642 2268 837 2356 argumenta
859 2276 969 2358 minus
992 2274 1183 2356 praebeant.
1222 2274 1288 2341 Sed
1306 2276 1378 2358 quid

216 2402 260 2446 ex
283 2382 345 2444 hoc
360 2380 499 2445 Homeri
520 2381 592 2444 loco
612 2379 707 2443 nobis
725 2381 948 2463 colligendum
965 2382 1037 2445 est?
1068 2382 1236 2446 Videlicet
1251 2388 1380 2446 nauuas

214 2489 296 2552 deae
321 2490 355 2550 et
377 2485 598 2574 nympharum
623 2486 813 2550 consimiles
837 2485 949 2550 fuisse.
995 2485 1168 2571 Nymphae
1193 2492 1289 2570 quasi
1313 2509 1380 2574 per-

215 2594 460 2659 sonificationes
487 2593 647 2655 naturalis
677 2592 758 2655 deae
790 2596 879 2675 sunt,
909 2612 993 2676 quae
1020 2596 1056 2658 in
1084 2595 1233 2675 qualibet
1258 2597 1380 2676 arbore,

214 2702 314 2782 fonte,
331 2700 479 2781 flumine,
502 2702 612 2762 monte
633 2698 783 2763 habitare
805 2699 989 2783 putabatur.
1025 2699 1107 2764 Gum
1122 2721 1201 2766 vero
1217 2701 1326 2768 Diana
1342 2705 1380 2767 iis

212 2811 345 2893 praesit,
376 2826 537 2871 summam
563 2807 658 2887 quasi
682 2807 828 2870 omnium
851 2809 1026 2887 montium,
1050 2806 1216 2891 arborum,
1241 2809 1379 2874 fontium
1431 2835 1432 2860 ι

213 2916 471 2980 dominationem
495 2914 576 2977 deae
599 2917 731 2978 nostrae
755 2915 961 2996 provinciam
977 2933 1050 2977 esse
1067 2919 1219 2997 apparet:
1243 2922 1379 2980 naturae
1431 2929 1432 2954 ³

212 3024 316 3106 igitur
332 3023 421 3086 omni
436 3025 579 3104 praeest.
610 3020 727 3102 Itaque
743 3020 948 3104 Hartungius
972 3019 1086 3102 (Myth.
1104 3019 1157 3084 Gr.
1174 3020 1235 3104 ΙΙΙ,
1257 3044 1289 3106 p.
1307 3025 1379 3103 153)

211 3131 398 3192 rectissime
422 3129 563 3210 scripsit
596 3121 667 3191 ‘Ihr
690 3129 742 3205 ist,
767 3128 815 3190 als
840 3127 898 3191 der
913 3127 1046 3210 Herrin,
1070 3128 1165 3204 Alles
1183 3119 1292 3212 eigen,
1315 3149 1380 3194 was

211 3235 290 3298 wild
314 3234 496 3297 aulwachst
518 3235 604 3298 ohne
628 3233 784 3298 Beihttlfe
814 3234 873 3299 der
898 3227 1029 3300 Cultor?
1076 3234 1174 3298 Illam
1197 3255 1278 3300 vero
1303 3236 1380 3301 Ger·

210 3360 383 3405 manorum
395 3341 435 3403 de
447 3341 668 3424 nympharum
683 3342 800 3424 regina
815 3343 1012 3425 opinionem,
1030 3361 1128 3423 quam
1140 3342 1230 3405 idem
1244 3341 1380 3408 Graecis

210 3468 341 3532 quoque
363 3448 521 3530 vindicat,
544 3466 714 3529 nunquam
738 3448 872 3512 disertis
898 3448 1011 3512 verbis
1035 3449 1158 3512 dictam
1181 3450 1379 3515 invenimus.

209 3557 326 3639 Itaque
353 3557 575 3640 nympharum
611 3575 649 3620 ac
678 3555 805 3619 Dianae
842 3556 1038 3632 relationem
1073 3556 1136 3620 hac
1168 3558 1299 3622 ratione
1330 3577 1380 3621 ac·

210 3665 357 3729 curatius
392 3663 531 3727 definire
565 3681 753 3746 possumus:
795 3663 956 3726 naturalis
991 3662 1053 3726 dea
1087 3681 1288 3744 quamquam
1321 3685 1381 3748 per

208 3773 399 3837 universam
421 3774 573 3834 naturam
598 3769 720 3834 efficax
743 3773 807 3852 est,
837 3774 950 3834 tamen
978 3790 997 3833 a
1020 3771 1160 3852 singulis
1189 3770 1380 3836 hominibus

210 3880 359 3958 sentitur,
378 3896 518 3960 cumque
534 3877 676 3941 diversis
693 3877 774 3940 locis
787 3877 934 3940 diversas
946 3859 1063 3940 natura
1072 3877 1202 3959 species
1211 3878 1379 3960 praebeat,

207 3985 369 4048 naturalis
394 3983 475 4048 deae
498 4002 621 4046 numen
644 3984 680 4045 in
701 3983 861 4066 plurimas
885 3985 1105 4068 nympharum
1119 4001 1279 4065 personas
1296 3984 1380 4048 divi-

207 4093 303 4156 ditur.
341 4090 458 4174 Itaque
481 4091 644 4174 nymphas
667 4094 824 4172 tanquam
849 4092 1073 4155 emanationes
1097 4091 1189 4154 illius
1204 4089 1378 4174 magnae¹l

207 4199 288 4263 deae
319 4197 494 4280 habemus,
528 4216 612 4279 quae
642 4197 767 4280 ubique
802 4202 966 4262 terrarum
1000 4197 1121 4262 efficax
1153 4202 1212 4261 est.
1265 4198 1381 4262 Primo

280 4428 300 4498 ¹)
319 4425 431 4497 Μεγάλη
442 4428 532 4483 Diana
541 4429 684 4498 appellata
693 4432 734 4485 est
743 4447 760 4485 a
770 4429 877 4485 Gallim.
888 4428 922 4486 H.
932 4429 962 4483 in
971 4428 1041 4483 Pall.
1051 4425 1146 4483 ailo.
1166 4425 1194 4494 O,
1206 4427 1226 4482 l.
1240 4427 1272 4485 G.
1283 4427 1379 4484 29630.
