2872 4868
787 261 829 324 66

220 475 326 541 Iliade
348 474 472 556 ubique
496 473 720 537 adversariam
743 477 895 538 naturam
918 473 1064 558 praebet.
1109 473 1239 539 Deinde
1262 474 1372 538 scolion

131 604 133 610 ·
219 588 315 649 vetus
323 579 345 663 ¹)
378 585 480 663 extat,
513 580 600 663 quod
626 575 827 662 Dianam,6
859 579 1025 662 γυναικοῖν
1056 573 1136 661 μέγα
1168 574 1231 661 ἔχει
1260 575 1373 660 κράτος,

219 689 395 776 praedicat.
440 687 712 752 Praeclarissime
734 705 814 750 vero
835 684 1016 770 Sophocles
1040 683 1130 767 (Oed.
1152 684 1243 769 Reg.‚
1266 705 1296 749 v.
1321 685 1374 749 160

219 794 302 882 sqq.)
347 795 474 860 Dianae
505 795 591 858 hano
621 799 774 858 nattnam
802 794 1045 874 mulierumque
1072 792 1204 858 labores
1231 792 1377 858 describit

219 908 253 969 et
276 904 359 968 deae
383 902 626 986 supplicantem
649 905 683 965 et
705 902 938 984 implorantem
954 901 1091 964 chorum
1105 899 1197 983 facit,
1219 905 1258 963 ut
1274 919 1377 984 aegro·

216 1015 267 1075 tas
289 1009 419 1075 reficiat
441 1009 583 1072 feminas
606 1007 713 1072 Diana
737 1008 942 1090 salutemque
966 1007 1110 1090 benigne
1132 1007 1302 1071 restituat:

369 1107 468 1177 παιὰν
491 1107 525 1176 δὲ
546 1107 661 1195 λάμπει
683 1107 858 1200 στονόενσά
878 1132 912 1176 rs
933 1111 1037 1195 γῆρυς
1058 1107 1213 1194 ὅμανλος·
1236 1141 1238 1144 ·

368 1203 417 1279 ὧν
437 1211 530 1297 ὕπερ,
553 1205 581 1278 oi
603 1211 722 1298 χρυσέα
743 1211 885 1298 θύγατερ
907 1210 997 1297 Διὸς,

368 1315 479 1384 εὐῶπα
500 1314 628 1401 πέμψον
649 1314 761 1383 ἀλκάν.

305 1441 432 1518 Quibus
455 1443 656 1507 verbis·non
679 1443 787 1507 solum
809 1441 952 1506 nocendi
975 1446 1009 1506 et
1030 1440 1192 1525 perdendi
1208 1441 1269 1506 sed
1286 1444 1381 1506 etiam
1406 1439 1429 1487 A

216 1549 394 1614 adiuvandi
416 1549 610 1613 facultatem
624 1548 751 1613 Dianae
775 1567 848 1613 esse
864 1548 1030 1632 probatur,
1054 1547 1090 1612 id
1111 1547 1197 1630 quod
1213 1553 1381 1632 praeterea

104 1687 109 1698 ·
216 1657 412 1741 cognomina
426 1657 531 1720 multa
545 1657 704 1739 indicant,
719 1657 813 1720 velut
828 1648 1000 1738 sdtoyoff),
1024 1648 1241 1738 ὠκνλόχεινθ),
1259 1649 1383 1718 ὀνίδων

215 1757 402 1844 incaepta,
433 1758 677 1845 μογοστόκοςῦ),
706 1758 888 1843 σοωδίναθ).
934 1761 1083 1826 Eandem
1111 1765 1268 1845 partuum
1295 1781 1383 1846 prae·

213 1869 320 1933 sidem
348 1869 475 1934 indicat
501 1869 593 1948 λοχία
621 1865 921 1954 cognomentum),
958 1868 1098 1933 eandem
1125 1868 1238 1933 Latini
1268 1874 1380 1954 poetae

214 1977 416 2059 praedicant,
428 1976 577 2040 Catullus
588 1980 622 2040 et
630 1975 798 2060 Horatius,
810 1977 1072 2060 religiosissimis
1082 1982 1223 2059 uterque
1233 1971 1385 2058 verbis⁸).

215 2084 404 2165 Aeschylus
429 2087 539 2147 autem
561 2085 597 2147 in
621 2084 817 2168 appellanda
845 2086 909 2148 hac
932 2083 1039 2148 Diana
1062 2085 1259 2168 cognomine
1283 2086 1383 2147 utitur

118 2235 124 2244 .
217 2182 393 2273 ‘Eadrq3⁹),
421 2209 485 2272 quo
508 2193 724 2255 vestutiorem
746 2190 873 2256 Dianae
896 2190 1037 2255 formam
1060 2191 1221 2256 exhibere
1245 2192 1382 2272 videaur,

217 2314 292 2359 cum
318 2296 585 2362 nondumillam
609 2297 649 2361 ab
673 2297 802 2362 Hecata
825 2299 1002 2382 disiungat.
1048 2298 1158 2362 Huius
1180 2297 1311 2362 Dianae
1333 2297 1384 2361 vel

214 2400 363 2466 Hecatae
395 2403 518 2486 figuram
554 2403 595 2467 ad
624 2403 739 2468 domus
768 2424 871 2488 prope
903 2407 1019 2468 ianuas
1053 2403 1189 2488 affigere
1225 2406 1382 2486 solebant,

212 2506 301 2571 unde
331 2527 452 2572 nomen
481 2509 752 2590 Prothyraeae
789 2511 821 2573 ei
854 2509 997 2574 inditum
1031 2514 1090 2575 est.
1147 2509 1276 2574 Natura
1306 2530 1381 2574 vero

213 2614 318 2694 larius
344 2613 426 2678 deae
460 2617 569 2678 minus
600 2616 740 2698 lunaris,
775 2635 874 2697 quam
909 2618 1064 2700 genitalis
1094 2621 1176 2700 erat,
1212 2619 1309 2682 cuius
1338 2619 1385 2681 rei

212 2718 375 2805 Orphicus
398 2723 434 2785 in
448 2721 688 2803 Prothyraeam
710 2723 853 2803 hymnus
878 2721 937 2807 (ll)
962 2727 1155 2808 argumenta
1176 2724 1326 2807 praebet,
1349 2726 1383 2786 in

212 2845 275 2908 quo
300 2826 362 2890 dea
384 2829 457 2912 ipsa
470 2825 617 2911 Ἄρτεμις
636 2828 806 2893 Εἰλείθυια
827 2830 1024 2894 nominatur.
1059 2827 1153 2894 Nihil
1172 2831 1207 2892 in
1231 2848 1270 2894 eo
1289 2831 1383 2911 inest,

212 2933 298 3015 quod
327 2934 367 2997 ad
397 2935 496 2998 lunae
525 2937 619 3016 quasi
647 2937 812 3019 magicam
838 2937 874 2999 in
898 2936 1056 3000 mulieres
1078 2938 1148 2999 vim
1170 2935 1383 3000 referendum

211 3041 263 3122 sit,
288 3059 386 3122 quam
408 3044 509 3106 totius
532 3043 630 3106 huius
650 3043 823 3126 religionis
839 3041 1091 3107 fundamentum
1107 3061 1180 3107 esse
1197 3041 1382 3125 mythologi

210 3145 294 3210 falso
317 3146 532 3230 putabantw).

286 3373 306 3443 ¹)
324 3375 408 3446 Apud
425 3375 528 3432 Athen.
549 3377 590 3444 15,
610 3377 652 3433 50.

283 3461 304 3524 2)
324 3465 388 3520 Eur.
406 3465 491 3536 Hipp.
511 3467 570 3521 166.

282 3551 304 3618 3)
324 3554 406 3623 Hym.
426 3554 512 3625 Orph.
531 3556 573 3621 36,
593 3575 618 3611 v.
636 3556 664 3612 8.

282 3641 483 3712 4)1))ἰ(1.ν.4.

282 3731 304 3800 ⁵)
324 3735 438 3790 Theoor.
456 3733 500 3796 27,
519 3733 560 3788 29.
598 3733 638 3787 De
657 3733 829 3803 etymologia
846 3733 882 3789 cf.
900 3733 1042 3807 Goebel,
1061 3735 1127 3792 Lex.
1145 3737 1180 3802 ll,
1199 3754 1227 3806 p.
1249 3735 1310 3792 119.

281 3819 302 3890 8)
322 3822 352 3879 0.
370 3824 392 3878 l.
410 3822 443 3878 G.
463 3823 540 3878 1595.

282 3909 303 3979 ⁷)
323 3911 387 3965 Eur.
400 3911 496 3980 Suppl.
508 3929 534 3965 v.
547 3909 607 3965 958.
637 3909 666 3965 0.
679 3909 700 3964 I.
714 3909 747 3966 G.
759 3911 836 3979 3362,
856 3911 938 3980 7032,
956 3913 1045 3980 λοχεία
1062 3913 1091 3972 (l.
1110 3915 1131 3970 I.
1145 3913 1177 3970 G.
1192 3913 1273 3982 17683
1292 3917 1380 3983 λοχείη

206 3997 290 4068 Hym.
310 3999 394 4070 Orph.
414 4001 456 4065 36,
476 3999 501 4054 3.

282 4087 304 4156 8)
324 4089 424 4145 catull.
444 4107 466 4145 c.
486 4088 529 4156 34,
552 4109 578 4146 v.
599 4091 632 4146 13
650 4106 691 4158 sq.
727 4089 794 4146 Hor.
814 4109 896 4148 earm
914 4093 963 4160 III,
988 4092 1031 4161 22,
1055 4095 1072 4149 2
1091 4108 1167 4164 sqq
1188 4095 1277 4154 Oasin.
1304 4096 1382 4152 Sacc.

206 4197 232 4233 r.
251 4178 284 4232 13
306 4197 368 4248 sqq.

281 4265 303 4335 9)
323 4269 418 4341 Suppl.
438 4290 463 4327 v.
483 4270 543 4328 676.

266 4355 300 4427 ¹⁰)
319 4359 418 4429 Neque
430 4361 591 4432 Euripidem
605 4362 715 4428 (Troad.
728 4381 753 4418 v.
766 4363 837 4432 323),
857 4363 905 4431 qui
924 4364 1005 4418 deam
1017 4364 1129 4422 invocet
1148 4355 1172 4416 cd
1183 4361 1286 4421 Ἑκάτα
1298 4364 1380 4438 φάος,

206 4447 301 4502 lunam
320 4453 471 4521 respexisse
491 4467 598 4507 censeo.
