2872 4868
579 253 619 316 89

35 464 146 528 emina
170 462 280 544 fuerit,
304 462 404 530 facile
420 464 657 548 intellegimus,
682 483 741 528 cur
753 465 898 530 Athenis
914 459 1061 527 Nestora
1084 465 1186 530 etiam

35 561 171 649 lsplaaa
185 577 315 634 uocata
337 568 443 653 sint¹)‚
474 589 559 653 quae
588 572 764 638 sollemnia
792 573 907 654 quinto
935 571 1187 638 Boedromionis

35 674 67 740 ia
100 676 293 759 agebantur.
344 675 467 744 Seuius
497 698 576 744 uero
608 681 690 744 itam
712 679 841 746 Dianae
871 680 943 748 dies
970 679 1076 744 festus
1108 684 1186 760 erat,

35 785 210 865 agnomine
240 785 432 868 Agroteraa
466 785 508 849 ad
539 787 633 850 cuius
665 792 825 851 naturam·
850 787 1080 852 illustrandam
1112 805 1188 851 con·

35 893 184 956 ertimur.
312 951 313 956 ,

100 997 211 1062 Diana
240 1000 420 1082 Agrotera,
454 1019 539 1082 quae
571 1000 717 1066 ferocem
747 1019 827 1084 prae
864 1019 901 1066 se
930 999 996 1064 fert
1026 1002 1187 1081 naturam,

35 1102 48 1166 1
80 1105 224 1170 alteram
254 1105 334 1170 deae
363 1108 570 1190 perniciosae
599 1109 805 1191 provinciam
832 1126 893 1172 nos
915 1106 1069 1187 traducit,
1091 1124 1187 1187 'quae

35 1211 100 1276 ello
125 1212 199 1294 ipso
227 1214 423 1278 continetur.
458 1212 542 1278 Nam
565 1213 672 1278 Diana
696 1216 796 1279 etiam
819 1213 1019 1278 bellicosa
1041 1213 1104 1278 dea
1127 1216 1187 1294 est,

35 1318 107 1382 rius
137 1321 277 1384 naturae
309 1321 501 1384 testimonla
525 1320 638 1384 'adhuc
665 1320 811 1386 nondum
840 1321 921 1386 satis
951 1320 1072 1385 collata
1104 1319 1188 1384 mihi

35 1425 176 1489 dentur.
221 1424 391 1492 Prsllerus
420 1425 536 1507 (Mytb.
559 1426 613 1492 Gr.
636 1425 663 1508 Ι,
691 1445 721 1510 p.
746 1429 824 1510 245)
853 1427 944 1492 euim
974 1425 1082 1492 obiter
1110 1426 1188 1490 Dia·

35 1551 85 1596 sm
102 1530 306 1614 Agroteram
327 1536 426 1596 vocat
443 1523 572 1598 ‘Guttin
595 1531 798 1598 desWildes
820 1533 890 1598 und
913 1533 972 1598 der
988 1532 1083 1616 Jagd,
1108 1531 1188 1598 aber

35 1637 97 1702 ach
121 1636 180 1702 des
203 1637 326 1702 wilden
349 1637 473 1724 lagena
497 1641 557 1704 der
579 1632 752 1706 Schisma?
798 1638 959 1706 Similiter
982 1629 1068 1703 hanc
1091 1639 1189 1704 belli-

35 1763 123 1810 ›sam
141 1743 248 1820 deam,
272 1757 371 1826 quam
385 1751 478 1810 reete
494 1749 652 1829 agnoscit,
677 1741 957 1828 Sebaemaunus2)
981 1747 1186 1812 avenatriee

35 1872 69 1916 ra
105 1851 276 1918 decunare
311 1857 447 1920 conatus
477 1858 536 1918 est.
581 1853 678 1920 Hanc
713 1855 914 1920 sententiam
947 1853 1088 1936 probare
1122 1871 1188 1916 non

35 1976 156 2040 assum,
185 1977 260 2022 cum
274 1960 357 2024 *alia
376 1961 426 2025 sit
452 1962 595 2042 venatio,
627 1961 725 2026 aliud
745 1961 888 2026 bollum:
922 1979 1031 2042 neque
1068 1958 1189 2026 Graeci

35 2066 150 2132 amine
188 2064 362 2148 carebant,
400 2066 488 2148 quod
519 2065 689 2132 bellorum
716 2067 929 2150 praesidium
967 2065 1114 2148 haberet,
1151 2069 1189 2128 ut

35 2175 139 2236 ianae
172 2170 207 2234 id
235 2173 465 2238 commendare
498 2192 579 2256 opus
611 2173 738 2238 fuisset.
783 2172 901 2256 Itaque
932 2172 1060 2236 Dianae
1092 2171 1190 2236 belli·

35 2298 123 2346 ›sam
155 2281 308 2344 naturam
324 2293 410 2368 ‘nen'
437 2299 458 2344 a
484 2281 666 2362 venatoria,
696 2279 756 2344 sed
786 2279 827 2344 ab
860 2279 920 2344 illa
942 2278 1131 2362 perniciosa
1155 2282 1189 2342 at

35 2383 187 2452 artifera
208 2383 422 2450 descendisse
438 2403 622 2452 censemus.
654 2386 831 2468 *Accessit
854 2385 942 2467 quod
957 2388 1075 2468 gentes
1092 2384 1189 2450 belli-

35 2493 106 2558 'sae
144 2491 230 2556 hauc
263 2492 428 2575 imprimis
459 2491 542 2559 deae
569 2495 724 2560 naturam
753 2493 856 2558 facile
882 2492 1047 2576 urgebant
1080 2497 1115 2557 et
1145 2511 1189 2558 ex

35 2617 160 2666 sarum
194 2603 312 2664 natura
339 2601 502 2683 paulatim
537 2600 792 2666 commutabant.
847 2597 966 2681 ltaque
1000 2604 1119 2683 gentes
1155 2603 1189 2664 et

34 2723 217 2770 raeecrum
241 2709 275 2769 et
296 2706 474 2770 Aricarum
495 2709 675 2790 fladonum,
708 2706 944 2789 quibus-rudis
969 2710 1002 2770 et
1024 2706 1188 2771 bellicosa

35 2811 295 2879 sensuimus
332 2814 468 2896 inesset,
506 2817 666 2896 tanquam
699 2813 875 2878 Bellonam
907 2815 1054 2877 noemam
1088 2811 1188 2875 deam

35 2919 157 2986 >luisse
186 2923 446 2986 consentaneum
475 2925 535 2984 est·
578 2918 683 2984 ‘Gaius‘
711 2919 793 2984 deae
823 2937 945 2983 nemen
972 2917 1061 3002 apud
1093 2918 1189 2984 chal-

35 3043 113 3092 seos
130 3023 371 3092 Samiramis
389 3030 475 3110 erat,
499 3027 588 3110 quod
609 3026 699 3095 idem
722 3024 912 3110 significare
936 3015 1190 3107 atque'ltprapas

35 3151 115 3217 upra
146 3133 343 3198 notavimus.
396 3130 586 3215 Movsrsiii)
616 3133 714 3198 laudo
745 3136 780 3196 et
806 3151 926 3214 sequor
957 3131 1188 3211 divinationem

35 3241 72 3304 ui
106 3240 278 3322 proprium
310 3239 416 3305 fluisse
452 3241 551 3306 buius
585 3240 668 3306 deae
703 3241 829 3305 cultum
862 3243 962 3323 putat
994 3237 1190 3322 populorum

35 3349 246 3412 rontanorum
269 3346 326 3428 (sc.
349 3345 546 3431 Ariconium),
567 3350 629 3432 <qui
644 3366 689 3412 ex
704 3346 1021 3432 septentrionalibus
1036 3344 1189 3430 partibus

35 3474 49 3520 1
80 3453 262 3537 Euphratis
294 3453 467 3539 Tigrisque
495 3457 654 3540 planities
686 3455 830 3541 profecti
857 3455 1073 3534 Assyriorum
1103 3451 1190 3516 mili-

35 3579 123 3626 arem
151 3560 301 3627 ordinem
332 3563 598 3646 complevissent.
655 3561 849 3628 Semiramis
882 3563 987 3644 igitur
1017 3559 1089 3638 dea,
1123 3575 1189 3639 qua

35 3685 99 3732 uce
128 3667 359 3751 expeditiones
388 3670 426 3732 in
451 3669 648 3753 longinquas
675 3670 830 3752 regiones
861 3686 898 3731 se
926 3683 1084 3751 prospere
1114 3681 1189 3746 per·

35 3774 139 3838 scisse
163 3773 362 3857 cogitabant,
387 3791 461 3840 eum
484 3774 613 3859 Regina
637 3775 862 3858 appellaretur
883 3776 921 3836 ut
942 3773 1003 3836 illa
1025 3769 1189 3834 Thracum

91 4072 112 4142 ¹)
132 4073 166 4128 of.
185 4073 406 4140 Schoemann,
425 4074 491 4129 Ant.
512 4073 558 4129 Gr.
576 4074 611 4140 11,
630 4092 659 4144 p.
676 4073 738 4129 477.

90 4160 112 4231 2)
131 4163 227 4231 Antiq.
246 4163 292 4218 Gr.
314 4165 355 4228 11,
376 4183 403 4236 p.
427 4161 491 4218 478:
519 4163 571 4218 Die
593 4164 730 4232 Agrotera
754 4162 796 4217 als
819 4159 918 4216 uatus
939 4161 988 4216 des
1007 4158 1190 4220 Waidwerlrs,

35 4254 138 4311 *alchas
152 4251 184 4320 ja
202 4253 273 4308 auch
292 4254 339 4309 ein
350 4254 500 4323 Kriegf-iat,
518 4251 613 4306 sehien
631 4251 686 4306 den
702 4251 840 4306 Grieehen
859 4249 933 4304 wohl
945 4247 1085 4318 gseignet
1104 4247 1190 4302 ihnen

35 4344 87 4400 neh
107 4340 159 4397 auf
174 4341 238 4394 dem
256 4341 462 4397 Schlacbtielde
480 4357 573 4410 gagen
590 4340 652 4395 ihre
670 4339 776 4394 Feindc
794 4337 981 4394 beiauetehan.

90 4427 112 4498 ³)
132 4429 174 4482 De
192 4427 296 4484 Phoen.
315 4427 350 4494 Π,
370 4428 395 4495 1,
412 4447 440 4498 p.
459 4428 509 4484 261
529 4431 558 4483 et
576 4426 636 4484 620.
