2872 4868
155 95 319 162 Similiter
346 97 517 164 Pheraeae
547 98 675 164 Dianae
704 101 854 165 lunarem
881 104 1033 164 naturam
1064 103 1147 166 falso
1176 105 1235 168 tri-

68 195 249 284 bueruntl).
292 205 342 268 Ha
365 206 454 270 enim
482 207 544 269 dea
573 207 824 271 insimulastis
849 205 1063 272 et-Pheraeis
1090 212 1234 274 nummis

71 325 187 392 equum
210 317 444 376 manutenens
459 313 516 376 vel
533 329 572 376 eo
587 318 684 377 vecta
699 309 873 397 fingitrffl).
904 314 980 378 Heu
994 315 1061 378 iarn
1077 315 1234 381 attributo

71 416 126 482 dea
157 419 283 501 optime
310 419 531 502 significetur,
560 421 655 484 ouius
675 422 714 484 in
735 421 898 484 tutelast
924 421 1089 504 praesidio
1117 437 1235 506 greges

69 541 224 606 equorum
257 543 329 590 esse
357 525 508 590 Thessali
536 527 740 610 cogitabunt
779 526 942 612 Herbosa
959 530 1048 592 enim
1077 529 1233 612 planities

65 651 200 716 magnos
239 651 399 715 equorum
436 649 555 716 greges
594 634 707 698 alebat
741 633 1040 716 Thessalorumque
1083 653 1161 719 opes
1200 642 1234 701 et

64 738 201 804 divitiae
223 739 506 804 nobilissimarum
527 741 644 804 harum
667 741 849 804 bestiarum
873 743 968 825 copia
984 746 1017 805 et
1030 745 1233 825 praestantia

63 846 275 910 constabant·
317 846 413 911 Haeo
446 865 528 910 rere
560 846 750 912 Thessalica
784 847 847 912 dea
881 849 980 911 simul
1013 851 1234 932 perniciosam

59 952 247 1036 praebebat
267 958 427 1036 nannum,
451 971 553 1036 quare
578 958 611 1018 et
630 951 779 1018 Hecatae
795 959 829 1018 et
843 953 1063 1039 Proserpinae
1087 958 1233 1040 speciem

59 1078 141 1142 prae
166 1079 203 1123 se
226 1059 371 1124 ferebat:
394 1062 550 1144 primitur
574 1065 685 1125 autem
707 1062 801 1124 nulla
824 1062 891 1124 alia
904 1063 979 1125 nisi
994 1064 1156 1127 naturalis
1173 1063 1235 1128 dea

60 1185 137 1230 esse
160 1170 279 1249 potest,
303 1168 399 1231 cuius
420 1169 489 1230 vim
513 1167 554 1230 ad
578 1185 737 1249 equorum
761 1185 873 1231 curam
895 1170 1070 1252 pertineat.
1109 1169 1234 1234 Eadem

59 1273 124 1338 dea
146 1272 277 1337 Phenei
299 1276 335 1337 in
357 1274 503 1338 Arcadia
525 1273 734 1358 Heurippa
758 1277 952 1358 cognomine
976 1271 1176 1356 colebatur³j
1201 1283 1235 1340 et

59 1378 205 1460 Sicyone
221 1378 397 1444 Pheraeae
407 1380 535 1444 Dianae
557 1382 654 1444 iuxta
676 1383 885 1464 gymnasium
899 1383 1061 1465 templum
1078 1385 1111 1445 et
1127 1386 1235 1446 statua

60 1483 176 1568 erat4).
233 1486 412 1552 Praeterea
451 1492 624 1572 poetarum
660 1490 809 1572 epitheta
843 1489 929 1552 hano
963 1488 1045 1552 deae
1079 1488 1245 1571 indolem,'

58 1585 183 1678 nempe
208 1612 366 1675 equorum
390 1613 507 1660 curam·
527 1599 560 1659 et
575 1595 743 1678 domitum,
767 1596 924 1679 indicant,
947 1595 1041 1658 velut
1056 1589 1234 1677 rasores),

61 1695 217 1764 δέσποινα
238 1702 305 1778 criu
327 1701 519 1782 γυμνασίων
539 1699 607 1763 'cciv
630 1695 875 1784 iunoupuruussl.
923 1702 1077 1766 Ceterum
1111 1701 1236 1784 Hippo-

60 1808 163 1890 lytus,
189 1808 246 1888 qui
261 1805 395 1870 Dianae⁴
412 1809 538 1870 amicus
561 1807 667 1870 fuisse
688 1801 868 1890 traditur⁷)‚
891 1809 1025 1871 nomine
1048 1809 1116 1870 iarn
1139 1825 1176 1871 se
1198 1809 1235 1870 in

61 1915 158 1996 equis
183 1931 304 1978 cruam
318 1915 469 1998 posuisse
487 1914 633 1984 ,indicate
669 1913 724 1976 vel
749 1914 841 1976 cultu
865 1917 899 1977 et
922 1914 1035 1978 divino
1058 1915 1181 1978 honore
1204 1915 1234 1979 is

60 2021 285 2100 afficiebatur,
314 2039 390 2083 oum
403 2021 545 2103 puellae
567 2024 731 2103 nupturae
756 2020 788 2083 ei
812 2021 922 2084 crines
945 2016 1175 2102 dedicarentssl,
1200 2021 1232 2084 id

61 2128 149 2210 quod
171 2127 250 2192 Deli
271 2129 367 2212 pueri
390 2132 424 2191 et
445 2128 579 2211 puellae
607 2129 643 2192 in
670 2128 829 2191 honorem
852 2127 1143 2212 Hyperborearum
1170 2129 1235 2192 vir·

59 2237 178 2318 ginum
197 2229 411 2317 iaciebant&
456 2234 536 2298 Hac
555 2235 757 2299 caerimonia
777 2237 914 2299 numina
936 2236 1122 2319 placabant,
1151 2253 1235 2317 quae

58 2343 174 2425 pueris
197 2341 402 2424 praesidium
417 2342 634 2423 salutemque
650 2346 820 2426 praestare
836 2342 1045 2426 persuasum
1070 2341 1235 2421 simulque

60 2447 211 2528 orabant,
234 2451 272 2510 ut
295 2447 361 2510 sibi
379 2448 534 2530 nupturis
555 2448 698 2530 propitia
722 2452 841 2511 essent.
886 2447 937 2510 De
954 2449 1107 2510 castitate
1123 2449 1233 2509 autem

60 2555 189 2618 eximia
204 2553 381 2638 Hippolyti
403 2553 518 2618 fabula
539 2557 610 2617 tum
632 2555 777 2636 primum
800 2558 872 2618 orta
894 2554 978 2616 mihi
993 2553 1124 2616 videtur
1149 2569 1232 2634 esse,

60 2680 136 2724 oum
161 2661 229 2723 iam
251 2660 379 2724 Dianae
402 2661 549 2744 virginis·
566 2659 681 2723 laudes
704 2660 859 2743 vulgatae
883 2663 1002 2723 essent.

154 2803 265 2867 Etiam
301 2805 391 2886 capri
419 2799 546 2866 Dianae
579 2803 665 2866 sacri
694 2806 797 2883 erant,
832 2803 925 2866 ouius
959 2804 1010 2866 rei
1043 2803 1235 2866 testimonia

59 2909 265 2976 Welolrerus
290 2912 482 2993 composuit,
508 2929 605 2993 quem
623 2910 773 2974 conferre
796 2910 877 2974 licet
900 2908 968 2991 (Th.
985 2908 1037 2972 Gr.
1054 2907 1080 2992 1,
1103 2928 1134 2991 p.
1151 2909 1236 2990 591).

138 3173 327 3241 ¹)P‚reller
345 3174 364 3232 1.
383 3174 498 3240 utem.
517 3171 539 3240 Ι,
557 3193 586 3244 p.
606 3174 667 3231 257.

137 3261 213 3330 ²)of.
232 3263 405 3333 Stephani
424 3262 578 3334 Gompte·
566 3265 663 3318 ·rend.
685 3265 753 3319 1860
771 3263 829 3319 tab.
849 3261 874 3331 2,
893 3262 927 3328 ΙΙ,
946 3279 974 3332 p.
991 3213 1036 3316 46.

137 3349 210 3417 ³]P.
229 3351 305 3420 Vlll,
326 3351 367 3416 14,
387 3354 411 3406 5.

136 3439 210 3509 ⁴)P
228 3442 263 3508 ll,
284 3444 326 3506 10,
345 3443 370 3497 6.

136 3528 159 3595 5)
179 3531 258 3590 Plau.
278 3531 389 3600 01.111,
407 3531 450 3586 lu.

137 3617 158 3688 8)
176 3621 241 3675 Ειιι.
253 3620 338 3692 Hipp.
356 3638 384 3676 v.
396 3619 449 3674 228
461 3635 535 3687 sqqs
554 3609 673 3672 δέσποιν’
686 3609 763 3676 ἁλίας
773 3609 880 3684 ’Ἄρτεμι
898 3616 1004 3680 Aturus
1020 3611 1067 3666 uui
1081 3612 1236 3680 perunctae

58 3711 116 3766 coia
134 3705 318 3775 Ιπποκρότων,
343 3706 401 3761 ι’ύθε
418 3705 545 3776 γενοίμαν
561 3698 591 3760 ἐν
608 3706 666 3766 σοῖς
682 3697 821 3766 δαπέδοις,
844 3701 951 3766 πώλους
966 3696 1077 3764 Ἐνέτσς
1093 3700 1237 3768 caputo-

58 3795 131 3868 μένα
150 3795 304 3865 (Phaedrae
322 3793 428 3862 verba).

138 3884 159 3954 ⁷)
178 3885 306 3953 Xenoph.
326 3883 394 3953 Cyn.
413 3885 434 3951 I,
455 3884 497 3939 11.

137 3974 159 4044 8)
178 3974 242 4028 Eur.
260 3973 345 4043 Hipp.
363 3990 388 4027 v.
409 3972 476 4029 1425
495 3990 536 4041 sq.

138 4062 160 4134 ⁹)
181 4063 284 4118 Herod.
301 4061 350 4127 IV,
369 4061 412 4115 34.
471 4065 473 4070 “
