2872 4868
782 235 823 298 18

697 323 910 331 ——..-..—-

214 445 428 508 tribuendum
460 442 625 527 oensem),
657 464 732 511 aum
763 443 938 512 notissima
964 446 1024 509 illa
1053 461 1120 508 vox
1151 427 1217 520 'rm
1247 443 1287 504 in
1318 442 1389 506 aliia

219 549 386 616 Semitieis
419 552 520 634 lingis
544 543 712 616 ‘montem’
742 553 923 637 signifieat,
958 552 1044 634 quod
1070 569 1198 614 nomen·
1225 552 1319 613 certa
1350 567 1390 612 er

217 658 333 722 eadem
362 659 476 722 radice
509 658 713 724 declinatum
741 665 800 724 est
845 657 994 726 Eandem
1021 658 1093 722 iero
1119 657 1293 720 notionem
1323 664 1388 730 22]

215 765 313 830 radix
337 764 484 847 exhibet,
507 764 596 830 unde
620 767 703 830 mihi
726 767 877 832 eiusdem
894 766 982 832 deae
1003 753 1147 832 nominis
1164 763 1271 826 altera
1287 761 1390 830 forma

215 872 350 952 (lybeba
380 872 583 936 descendere
611 873 753 940 videtur.
807 873 880 942 Iam
907 891 986 938 voro
1015 871 1165 954 quaestio
1187 874 1250 952 ast,
1279 873 1389 932 utrum

215 980 276 1042 illa
312 997 394 1042 rone
432 983 590 1043 montana
628 979 710 1046 deae
748 986 867 1045 natura
904 977 1037 1062 (Μήτηρ
1069 972 1157 1057 ‹ioetq
1192 975 1389 1060 plerumque

215 1085 454 1170 appellabatur)
492 1105 534 1149 an
565 1088 602 1150 in
632 1088 827 1152 universum
861 1087 925 1152 dea
954 1077 1104 1150 lencona
1136 1084 1193 1147 rel
1228 1073 1388 1147 sublimis’

213 1191 430 1276 significetur.
480 1190 575 1268 Quod
603 1211 679 1258 oum
705 1195 800 1260 Rhea
828 1191 954 1276 Oybale
985 1209 1052 1256 non
1087 1191 1194 1256 solum
1226 1190 1389 1254 montium

215 1303 254 1362 a'o
288 1299 448 1363 silvarum
486 1299 546 1363 sad
581 1301 682 1365 etiam
717 1303 891 1368 civitatum
929 1303 963 1364 et
1001 1299 1225 1382 agriculturae
1264 1294 1389 1360 fautrix

214 1404 329 1468 habita
362 1407 423 1490 ait,
458 1406 553 1470 illam
588 1425 686 1489 quam
722 1425 822 1492 supra
856 1407 1044 1471 notavimus
1078 1401 1387 1487 interpretationem
1427 1443 1428 1446 =

213 1512 473 1595 probabiliorem
496 1532 569 1578 asse
594 1533 724 1580 censeo.
1113 1511 1116 1516 ’

701 1812 827 1917 caput
852 1813 898 1895 II.
998 1849 1000 1854 ¹

216 1943 261 2040 Da
273 1941 529 2078 Dianaa'natura
544 1969 770 2061 antiquissima
784 1970 927 2062 priorum
939 1967 1191 2059 mythologorun
1203 1967 1389 2040 senuntlaa.

303 2099 431 2184 Dianae
454 2119 660 2190 oraminum
675 2119 860 2204 originibus
881 2116 1119 2184 atrotioribus
1136 2117 1209 2182 iure
1231 2116 1388 2199 colligere

208 2243 389 2307 possumus
420 2224 511 2302 deae·
533 2227 601 2292 iam
629 2225 697 2294 illia
725 2226 930 2312 temporibus
959 2223 1110 2290 floruisse
1142 2223 1284 2306 cultum,
1316 2241 1390 2290 oum

211 2311 474 2412 Indogermanae
496 2313 616 2413 'gentes
639 2330 720 2395 Itali
743 2335 778 2395 et
799 2330 944 2414 Pelasgi,
975 2329 1177 2393 Graecorum
1206 2331 1324 2412 proavi
1345 2348 1388 2396 ex

213 2435 375 2498 Asiaticis
399 2435 534 2500 sedibus
558 2438 593 2499 in
616 2436 783 2520 Europam
806 2439 995 2501 traicerent.
1040 2436 1094 2500 Ab
1112 2437 1154 2499 iis
1171 2436 1299 2500 cultum
1316 2455 1386 2500 esse

214 2543 321 2606 deum·
345 2545 509 2605 summum
538 2545 572 2610 et
598 2544 784 2606 maximum
816 2542 933 2612 Iovem
963 2545 984 2606 i.
1015 2561 1043 2606 e.
1075 2543 1213 2606 Caelum
1249 2541 1388 2624 (Sansor.

211 2647 319 2730 aljana)
353 2649 574 2733 etymologica
601 2649 729 2732 ratique
760 2649 868 2714 edocti
891 2667 1051 2734 perquam
1076 2653 1166 2714 certe
1189 2645 1387 2730 nevimusll.

210 2753 352 2824 Incero
375 2740 482 2838 genus
505 2755 686 2839 hominnm,
715 2758 774 2838 qni
794 2757 942 2820 nondum
964 2755 1070 2819 firmis
1090 2747 1229 2828 sedibus
1252 2758 1316 2820 usi.
1330 2775 1388 2840 per

210 2865 317 2926 terras
333 2853 571 2946 ‘'vagabantur'f
598 2864 778 2947 praecipue
812 2863 962 2928 venando
996 2864 1035 2926 et
1062 2854 1228 2946 pascendo
1246 2853 1387 2930 'victum

211 2979 371 3050 quaerero
408 2971 619 3055 cogebantur.
680 2969 799 3053 Itaque
839 2988 953 3038 eorum
985 2969 1075 3034 salus
1109 2971 1151 3032 ‘aa
1182 2969 1322 3035 divitiae
1354 2973 1387 3034 in

211 3061 394 3142 barbarum
437 3097 660 3160 pecorumque
696 3077 918 3142 multitudine
952 3080 985 3140 et
1022 3067 1186 3140 terrarum
1224 3077 1390 3160 imprimis

210 3199 407 3264 pascuorum
437 3182 613 3247 fertilitate
641 3185 750 3266 posita
783 3187 886 3266 erant,
921 3181 1006 3265 quae
1021 3231 1027 3240 .
1042 3201 1118 3245 oum
1151 3183 1388 3267 intellegerent

209 3305 272 3354 sua
300 3306 400 3371 opera
431 3289 521 3358 affici
552 3305 616 3354 non
640 3309 747 3374 posse,
777 3292 951 3356 numinum
983 3290 1071 3353 hanc
1101 3308 1179 3353 esse
1204 3281 1388 3372 potentiam

212 3394 402 3458 censebant.
452 3393 511 3462 Et
529 3397 676 3461 feminea
710 3397 857 3479 quidem·
877 3399 930 3466 ris
960 3399 996 3460 in
1023 3387 1225 3480 procreandi
1249 3385 1390 3463 naturae*

210 3499 368 3564 facultate
403 3503 514 3567 inesse
547 3505 616 3567 illis
651 3503 835 3588 videbatur,
872 3523 973 3586 quare
1008 3508 1141 3587 praeter
1175 3503 1393 3578 illuQYis

210 3609 432 3672 masculinum
462 3629 586 3673 numen
620 3611 761 3674 alterum
797 3611 1009 3674 crediderunt
1044 3629 1118 3674 esse
1142 3609 1274 3694 Terrae,
1304 3632 1386 3700 quae

207 3716 338 3778 semina
363 3715 449 3779 caeli
471 3717 634 3781 imbribus
657 3718 781 3780 iactata
805 3717 984 3800 exciperet.
1031 3715 1070 3780 Id
1091 3736 1215 3780 numen
1238 3720 1275 3784 in
1299 3721 1388 3808 omni

187 3847 188 3850 ¹
208 3821 392 3886 bestiarum
416 3817 654 3904 hominumque
677 3825 909 3906 procreatione
932 3825 1057 3907 pariter
1080 3828 1179 3910 atque
1202 3827 1240 3894 in
1263 3827 1386 3914 plantis

209 3926 331 4008 efficax
364 3947 437 3994 esse
466 3930 656 4011 cogitabant
689 3932 833 4012 eiusque,
860 3932 937 4013 vim,
969 3949 1067 4012 quam
1095 3931 1131 3996 in
1151 3913 1386 4013 ‚generationis

212 4045 423 4076 —5-4-——oss—
435 4067 438 4075 7

283 4134 305 4201 ¹)
324 4137 415 4192 Aliter
433 4138 580 4207 Preller‚
607 4142 697 4209 Mybh.
716 4140 762 4196 Gr.
785 4141 811 4208 I,
837 4160 864 4212 p.
884 4141 948 4197 529:
976 4142 1055 4198 Auch
1081 4143 1130 4197 der
1153 4141 1244 4199 Name
1270 4144 1385 4217 Κυβέλη,

207 4241 315 4279 woraus
341 4227 372 4280 in
397 4226 506 4296 Lydian
532 4226 646 4299 Κνβὴβη
671 4231 821 4299 gaworden
845 4230 892 4297 ist,
920 4231 1017 4286 deutat
1043 4232 1093 4286 auf
1115 4231 1160 4287 die
1185 4231 1301 4290 thlcn
1318 4237 1385 4292 ‘und

207 4311 426 4385 hb'hlanurtigen
444 4316 650 4387 Heiligthlimer
669 4319 716 4374 des
734 4317 870 4388 Gebirgaa
888 4337 944 4374 ron
963 4319 1114 4389 Phrygium
1209 4392 1212 4397 Ι

282 4399 303 4469 ²)
324 4404 357 4459 of.
377 4404 520 4474 Banfey,
540 4405 637 4461 Oriant
656 4409 713 4463 und
731 4408 873 4474 Occidunt,
893 4407 915 4473 I,
934 4426 961 4477 p
979 4409 1023 4462 la
1058 4447 1061 4452 η
1132 4427 1134 4432 ’
