2872 4868
782 255 802 317 6

301 468 383 532 Cum
406 469 561 552 gentibus
579 469 806 551 orientalibus,
831 487 916 550 quae
936 470 1003 530 iam
1020 468 1251 548 antiquissima
1267 470 1375 530 aetate

210 574 270 638 sub
305 593 423 658 regum
457 573 783 659 opulentissimorum
817 577 959 659 imperio
994 578 1087 638 erant
1122 577 1156 637 et
1189 574 1376 637 litterarum

209 683 394 764 artiumque
419 683 538 746 studiis
561 682 734 765 florebant,
765 683 893 748 duabus
915 685 981 746 viis
1003 680 1194 766 patentibus
1219 699 1378 745 commer-

210 790 298 852 cium
322 809 340 852 e
366 789 506 853 Graecia
528 790 600 854 fieri
621 791 729 874 potuit
742 787 776 871 1).
822 791 939 854 Altera
966 793 1098 874 praeter
1121 789 1251 870 Aegaei
1279 790 1379 851 maris

209 896 336 960 insulas
372 901 406 959 et
441 896 567 979 Cariae,
601 896 737 980 Lyciae,
772 896 1000 982 Pamphyliae,
1036 896 1175 960 Ciliciae
1210 895 1311 958 litora
1347 897 1380 958 in
1435 928 1436 933 κ

209 1000 340 1082 Syriam
370 1002 520 1086 ducebat,
551 1023 614 1086 qua
641 1005 877 1088 navigantibus
907 1004 1035 1087 Cyprus
1063 1003 1173 1066 insula
1203 1003 1379 1067 stationem

207 1110 397 1194 praestabat
425 1113 586 1176 munitam
614 1113 832 1195 omnibusque
861 1111 978 1196 opibus
1005 1113 1211 1174 instructam.
1262 1110 1380 1174 Altera

208 1218 264 1280 via
300 1235 343 1279 ex
377 1219 628 1302 septentrionali
662 1219 764 1282 Asiae
803 1222 897 1301 parte
938 1235 998 1300 per
1031 1215 1175 1280 Pontum
1209 1214 1381 1278 Euxinum

209 1323 353 1407 patebat,
383 1343 447 1407 qua
471 1328 528 1409 qui
551 1325 782 1390 commeabant
804 1344 909 1406 usque
932 1327 969 1388 in
991 1325 1185 1388 Armeniam
1209 1323 1379 1386 commode

208 1432 384 1513 pervenire
407 1437 570 1516 poterant.
616 1432 733 1514 Neque
763 1434 853 1496 enim
881 1433 917 1495 in
940 1432 1115 1495 interiores
1139 1431 1242 1494 Asiae
1268 1435 1381 1512 partes

209 1556 269 1620 per
292 1537 418 1602 medias
441 1544 556 1618 terras,
585 1539 767 1623 Phrygiam
791 1539 1107 1623 Cappadociamque,
1136 1537 1245 1601 aditus
1268 1536 1381 1600 facilis

211 1649 290 1728 erat,
327 1666 402 1709 cum
436 1647 617 1730 longinqua
650 1647 822 1711 subeunda
850 1650 960 1710 essent
988 1665 1049 1729 per
1078 1646 1232 1728 regiones
1261 1646 1382 1727 partim

208 1756 318 1816 vastas
352 1755 474 1836 partim
509 1755 670 1818 saltuosas
701 1756 831 1818 itinera.
885 1753 1007 1818 Contra
1036 1756 1157 1815 nautae
1187 1771 1248 1835 per
1276 1753 1383 1814 maria

209 1858 447 1942 fluminumque
476 1863 560 1925 ostia
589 1863 733 1944 navigiis
763 1862 832 1924 suis
861 1863 962 1924 etiam
995 1862 1031 1922 in
1059 1859 1247 1942 superiores
1276 1859 1380 1922 Asiae

208 1970 320 2048 partes
349 1970 523 2049 penetrare
551 1971 738 2050 potuerunt,
774 1969 868 2031 cuius
896 1969 947 2030 rei
974 1967 1241 2050 Argonautarum
1270 1965 1383 2028 fabula

210 2074 370 2155 optimum
393 2074 532 2157 praebat
555 2078 794 2158 argumentum.
841 2074 981 2138 Graecia
1009 2075 1091 2157 ipsa,
1121 2091 1204 2154 quae
1228 2074 1383 2155 plurimis

210 2181 312 2244 maris
343 2182 532 2246 incursibus
561 2183 656 2264 quasi
685 2183 865 2246 dilacerata
894 2186 958 2261 est,
985 2180 1206 2263 navigationis
1235 2180 1383 2244 exordiis

212 2289 420 2370 aptissimum
442 2288 625 2371 praebebat
648 2290 765 2353 locum.
816 2288 934 2370 Itaque
958 2288 998 2352 ab
1022 2289 1090 2350 illis
1113 2285 1266 2370 Pelasgis
1291 2307 1384 2371 agro-

209 2413 285 2456 rum
309 2393 489 2457 cultoribus
512 2394 674 2477 paulatim
698 2396 730 2458 ei
754 2385 961 2476 differebant,
985 2395 1043 2476 qui
1065 2394 1252 2486 litoralibus
1274 2397 1386 2478 regio-

210 2501 309 2564 nibus
347 2501 516 2583 occupatis
554 2502 591 2564 in
629 2501 756 2565 insulas
790 2503 957 2584 proximas
992 2503 1134 2565 transire
1168 2502 1386 2586 incipiebant.

211 2608 334 2672 Eorum
366 2612 486 2689 autem,
515 2611 572 2691 qui
600 2628 673 2673 oras
697 2611 881 2673 maritimas
903 2609 1127 2693 planitiesque
1150 2609 1310 2672 finitimas
1335 2612 1386 2673 in·

212 2715 380 2797 colebant,
410 2733 583 2779 commune
610 2716 820 2779 Achaeorum
847 2735 968 2780 nomen
997 2715 1101 2779 fuisse
1131 2734 1260 2798 censeo,
1290 2717 1385 2779 cuius

211 2823 355 2887 nominis
378 2823 524 2886 radicem
549 2815 609 2902 ἀχα
631 2825 652 2885 i.
677 2841 704 2886 e.
729 2842 813 2905 aqua
835 2821 892 2887 vel
915 2823 999 2886 ahva
1021 2822 1126 2888 fuisse
1146 2822 1247 2886 facile
1269 2832 1387 2906 agnos-

213 2950 287 2995 cere
311 2924 531 3012 possumus2).

304 3037 385 3101 cum
403 3057 480 3101 vero
496 3038 648 3101 nationes
672 3036 843 3100 Asiaticae
857 3036 1054 3118 plerumque
1070 3034 1206 3098 Graecis
1230 3037 1387 3100 eruditio-

212 3163 266 3207 res
291 3147 411 3223 essent,
434 3143 512 3206 inde
535 3146 695 3226 instituta,
720 3146 808 3207 artes
833 3143 1118 3224 eruditionemque
1141 3160 1196 3204 eos
1211 3145 1383 3226 recepisse

215 3253 359 3334 apparet.
410 3248 481 3313 Nec
509 3253 623 3313 tamen
650 3250 796 3313 indidem
824 3253 928 3313 tetam
956 3248 1154 3313 Graecorum
1184 3250 1385 3333 religionem

213 3357 395 3441 profectam
419 3375 493 3425 esse
524 3355 743 3438 concedimus,
775 3374 850 3419 cum
873 3356 977 3420 multo
1001 3355 1134 3420 facilins
1156 3355 1212 3418 vel
1235 3357 1385 3439 linguam

214 3483 313 3546 quam
324 3465 521 3547 religionem
534 3464 705 3526 hominum
716 3464 898 3546 permutari
912 3481 1010 3546 posse
1027 3463 1235 3526 arbitremur.
1266 3461 1385 3545 Itaque

213 3571 348 3637 Semitis
385 3590 428 3634 ne
465 3572 606 3634 nimium
643 3571 800 3634 tribueris
839 3573 875 3633 in
910 3570 1143 3634 conformanda
1181 3569 1384 3634 Graecorum

212 3680 391 3764 rehgione,
430 3698 528 3760 quem
562 3679 599 3740 in
634 3696 778 3742 errorem
813 3696 920 3761 nuper
952 3675 989 3740 Ε.
1024 3672 1185 3757 Curtiusi)
1224 3678 1385 3742 incidisse

212 3786 353 3849 videtur.
402 3784 498 3849 Certe
533 3784 675 3850 Dianam
707 3786 887 3868 genuinum
916 3784 1118 3848 Graecorum
1151 3790 1292 3847 numen
1310 3804 1384 3849 esse

216 3891 371 3976 probab0,
396 3893 460 3955 etsi
483 3893 668 3956 sententiae
692 3892 733 3955 de
758 3893 830 3955 eius
852 3894 970 3954 natura
992 3891 1153 3974 paulatim
1175 3895 1384 3973 permutatae

288 4156 308 4224 ¹)
327 4157 361 4212 cf.
381 4157 411 4212 Ε.
431 4157 582 4221 Curtius,
610 4156 662 4212 Die
681 4157 853 4226 griechische
872 4156 1048 4213 Gotterlehro
1065 4173 1129 4212 vom
1147 4155 1388 4225 geschichtliohen

212 4245 408 4316 Standpunlrte
429 4245 545 4313 (Pronus.
564 4246 670 4308 Jahrb,
687 4248 756 4302 tom.
775 4246 818 4312 36,
838 4263 865 4315 p.
885 4245 993 4312 1-17),
1011 4265 1038 4316 p.
1058 4248 1082 4300 5.

287 4332 309 4400 2)
328 4335 456 4390 Indidem
475 4337 677 4390 descenderunt
694 4334 809 4390 nomina
824 4327 957 4404 Ἀχελῷος,
974 4329 1111 4400 Ἀχιλλεύς,
1130 4333 1194 4388 alia.

289 4421 310 4492 ³)
329 4425 383 4479 An.
401 4424 515 4492 Boruss,
533 4427 600 4480 tom.
620 4423 663 4488 36,
682 4441 710 4492 p.
729 4422 753 4478 4.
