2872 4868
774 235 817 296 64

212 449 269 509 aut
299 465 318 508 a
342 445 495 510 Oretibus
528 451 585 508 aut
612 465 632 509 a
654 443 877 511 Phoenicibus
906 444 1094 508 confectum
1118 447 1152 506 et
1175 447 1362 527 apportatum
1411 428 1430 476 ¹⁸

212 572 284 619 esse
308 552 479 635 probabile
504 556 562 617 est.
615 557 616 560 ’
1395 539 1430 619 Ψ

299 659 426 723 Dianae
454 663 492 722 ut
516 677 674 739 aquarum
697 658 850 722 dominae
873 660 984 741 pisces
1008 660 1095 722 sacri
1118 658 1323 722 habebantur
1342 662 1368 721 ot
1425 651 1430 688 ³

211 764 361 848 canori1),
384 767 438 830 illi
462 765 596 847 quidem
618 766 725 848 magis
749 765 791 828 ad
814 765 911 830 deam
932 767 1095 830 marinam
1117 766 1174 828 vel
1188 764 1368 845 Potamiam,

209 877 244 939 hi
276 875 316 938 ad
345 872 539 937 LImnaeam
567 871 742 936 referendi.
789 871 909 935 Cancri
936 874 972 934 in
994 872 1162 956 Ephesiae
1191 873 1295 956 signis
1317 890 1370 933 non

208 947 283 1045 raro
317 981 548 1059 inveniuntur,
586 980 696 1061 pisces
734 997 813 1043 vero
848 979 1107 1062 pulcherrimam
1141 980 1237 1042 illam
1269 979 1372 1061 imagi-

208 1107 286 1152 nem
310 1086 525 1167 ciroumdant,
554 1105 619 1168 qua
647 1086 774 1148 nummi
797 1082 997 1165 Syracusani
1027 1088 1149 1169 signati
1181 1088 1268 1149 sunt.
1313 1084 1372 1148 Ian

209 1193 246 1258 Ο.
263 1193 445 1258 Muellerus
470 1191 512 1275 (d.
534 1191 658 1273 Doni,
681 1212 711 1275 p.
729 1192 794 1255 380
817 1196 882 1255 not.
900 1191 932 1272 3)
956 1192 1100 1256 Dianam
1115 1192 1304 1256 Potamiam
1325 1193 1374 1254 illa

208 1302 448 1367 formosissima
463 1300 550 1364 facie
566 1300 811 1383 repraesentari
826 1301 978 1382 opinatus
995 1305 1053 1382 est,
1077 1319 1153 1364 oum
1170 1301 1229 1363 alii
1248 1299 1374 1363 eandem

210 1407 411 1472 Arethusam
427 1408 528 1472 fontis
545 1407 757 1471 celeberrimi
773 1407 952 1489 nympham
968 1407 1193 1471 nominarent:
1219 1427 1259 1470 ea
1275 1411 1374 1470 autem

123 1495 125 1498 ⁵
209 1516 295 1578 nihil
332 1514 423 1578 aliud
452 1518 503 1578 eat
530 1515 597 1577 nisi
623 1512 750 1576 Dianae
782 1513 881 1595 paulo
915 1513 1103 1578 abalienata
1135 1516 1276 1597 species,
1311 1533 1375 1576 cum

210 1640 323 1686 omnes
340 1621 506 1704 nymphae
521 1619 649 1684 Dianae
673 1621 768 1701 quasi
790 1623 902 1703 partes
919 1621 993 1684 siat.
1025 1619 1167 1684 Dianam
1182 1620 1263 1684 vero
1279 1623 1376 1704 ipsam
1415 1617 1416 1620 ’

207 1729 244 1790 in
260 1725 400 1810 Ortygia
415 1727 535 1809 insula,
550 1725 610 1790 ubi
626 1726 699 1789 fons
715 1725 903 1790 Arethusae
921 1729 1001 1807 erat,
1017 1727 1166 1789 maxime
1183 1727 1376 1791 celebratam

208 1834 312 1898 husae
349 1833 511 1898 Pindarus
545 1834 641 1896 testis
677 1835 741 1911 est,
776 1833 834 1913 qui
865 1829 1035 1914 Ortygiam
1072 1830 1182 1912 (Pyth.
1213 1832 1257 1917 Il,
1294 1855 1323 1896 v.
1350 1833 1375 1910 l)

208 1938 365 2021 ποταμίας
387 1934 459 2013 ἕδος
478 1933 659 2020 Ἀρτέμιδος
691 1943 725 2002 et
753 1936 856 2019 (Nem.
879 1937 905 2020 I,
933 1959 963 2002 v.
987 1937 1020 2019 3)
1055 1932 1184 2018 δέμνιον
1205 1932 1377 2021 Ἀρτέμιδος

209 2049 387 2128 nuncupat.

674 2344 797 2447 eaput
825 2345 921 2429 VIII.
971 2415 972 2418 γ

214 2569 216 2575 ,
244 2515 288 2587 De
310 2483 420 2587 Diana
436 2517 621 2588 anImaIium
644 2519 873 2643 gignendopun
897 2524 930 2591 et
952 2520 1195 2592 nutriendorum
1218 2521 1351 2593 tutelari

727 2645 865 2697 numme.

298 2790 353 2853 Ad
386 2791 519 2854 tertiam
551 2791 618 2882 iam
642 2789 779 2872 Durae,
815 2791 976 2855 naturalis
1008 2792 1263 2872 antiquissimae
1295 2794 1380 2871 deae,

171 2965 172 2968 ,
208 2899 416 2981 provinciam
438 2916 624 2981 pergamus,
654 2915 739 2980 quae
763 2899 956 2964 auimaIIum
980 2901 1127 2963 omnium
1150 2901 1383 2982 pariendorum.

210 3011 244 3069 et
272 3005 523 3069 nutrIendorum
555 3024 634 3069 oura
666 3007 863 3077 continetur.
908 3005 1058 3070 Eandem
1090 3007 1178 3069 enim
1210 3008 1290 3089 vim,
1324 3026 1381 3089 qua

213 3113 390 3193 quotannis
427 3111 533 3175 denuo
567 3111 695 3176 fruetus
723 3131 876 3196 agrorum
909 3117 942 3176 et
975 3112 1128 3186 arborum
1161 3119 1381 3196 procreentur,

210 3219 314 3282 etiam
336 3219 372 3280 in
396 3218 585 3282 hominibus
616 3218 801 3301 bestiisque
825 3219 997 3284 efficacem
1022 3237 1095 3283 esso
1121 3220 1321 3303 oogItabant,
1349 3224 1382 3283 ut

207 3325 338 3408 prolem
369 3325 549 3388 animantia
577 3326 724 3407 gignant,
754 3345 818 3408 qua
847 3327 981 3409 quidem
1009 3328 1044 3390 in
1072 3345 1109 3390 re
1139 3329 1242 3390 totius
1258 3327 1382 3392 >mundi

211 3433 300 3495 salus
319 3435 455 3494 constat.
488 3429 605 3513 ltaque
621 3427 728 3495 DIana'
751 3434 932 3515 antiquitus
956 3434 1112 3516 genitalis
1137 3434 1302 3515 quaedam
1326 3435 1383 3498 dea

213 3544 271 3621 est,
297 3557 380 3620 quae
404 3542 517 3622 partus
541 3539 734 3602 animalium
758 3546 860 3620 curat,
892 3560 956 3622 qua
979 3543 1014 3603 vi
1036 3542 1200 3604 instructa
1224 3560 1383 3605 summam

210 3649 244 3710 et
268 3645 445 3708 adiuvandi
470 3649 503 3708 et
526 3646 668 3708 nocendi
691 3649 890 3729 potestatem
914 3645 1050 3710 obtinet.

297 3752 394 3816 Falso
411 3752 518 3815 adhuc
534 3745 620 3815 hano
636 3751 764 3816 Dianae
787 3752 934 3818 indolem
958 3773 977 3816 a
1000 3754 1110 3818 lunari
1132 3757 1262 3837 natura,
1288 3773 1384 3837 quam

207 3860 429 3943 principalem
454 3860 699 3942 existimabant,
733 3859 872 3924 fluxisse
900 3860 1084 3943 mythologi
1115 3861 1269 3943 plerique
1302 3861 1385 3925 arbi-

208 3969 285 4031 trati
319 3970 396 4028 sunt
424 3970 577 4028 veterum
606 3967 783 4048 opimones
817 3969 931 4031 secuti.
980 3967 1095 4032 Ulcere
1131 3967 1172 4049 (d.
1195 3973 1262 4032 nat.
1288 3970 1318 4032 d.
1342 3968 1385 4057 ΙΙ,

210 4078 261 4157 19,
285 4070 341 4154 50)
377 4070 418 4134 de
452 4071 531 4133 luna
566 4073 713 4155 scripsit:
743 4064 863 4137 ‘Multa
894 4074 934 4137 ab
967 4093 1006 4137 ea
1036 4079 1171 4138 manant
1204 4081 1238 4140 et
1269 4076 1386 4157 fluunt,

209 4180 328 4264 quibus
369 4182 402 4241 et
440 4179 625 4242 animantes
670 4180 799 4243 alantur
843 4185 1089 4264 augescantque
1130 4185 1163 4244 et
1200 4183 1387 4266 pubescant

282 4409 302 4479 ¹)
321 4410 356 4466 cf.
377 4408 481 4473 Guhl,
499 4408 599 4478 Ephes.
619 4427 646 4478 p.
665 4408 700 4464 90
718 4423 779 4475 sqq.
