2872 4868
777 315 819 378 36

209 527 312 590 fuisse
351 525 552 608 declaratur,
605 528 739 592 mittere
782 545 970 611 possumus,
1019 547 1093 592 cum
1133 527 1384 593 Schoemannus

208 634 297 697 locos
343 633 383 696 ad
422 634 509 696 hanc
546 651 616 696 rem
656 636 836 698 attinentes
875 637 1080 718 congesserit
1117 634 1159 719 (p.
1192 636 1257 699 327
1293 637 1384 718 sqq),

208 757 407 823 quamquam
429 745 555 804 rectam
580 741 827 805 conclusionem
855 760 921 805 non
944 741 1033 806 fecit.
1077 741 1189 805 Etiam
1210 741 1383 807 Prellerus

208 845 323 929 (Myth.
353 845 407 910 Gr.
439 846 472 930 1,
507 868 538 932 p.
567 849 631 912 256
662 847 743 930 sqq.)
779 849 819 912 de
850 847 979 913 Hecate
1014 849 1272 933 disputationem
1311 867 1383 912 cum

207 953 314 1017 Diana
344 954 528 1017 coniunxit.
573 953 692 1037 ltaque
719 973 786 1019 non
813 957 940 1038 inepte:
972 974 1026 1018 mc
1054 955 1220 1019 facturum
1252 975 1382 1035 censen,

207 1063 237 1125 si
274 1063 310 1124 in
351 1060 575 1144 disputatione
614 1061 655 1124 de
690 1061 817 1126 Dianae
857 1063 1088 1144 antiquissima
1124 1067 1242 1125 natura
1282 1066 1383 1128 etiam

206 1168 355 1232 Hecatae
385 1171 419 1231 et
442 1164 604 1231 Hesiodei
632 1168 724 1232 illius
748 1169 865 1248 hymni
887 1169 1049 1232 rationem
1073 1169 1258 1234 habuerim.
1307 1168 1383 1233 Iure

205 1272 404 1337 Welclrerus
437 1271 506 1353 (Th.
531 1273 634 1358 (15.1,
662 1295 692 1357 p.
716 1275 781 1338 565
805 1273 866 1356 55.)
899 1273 1067 1338 adnotavit
1097 1274 1301 1341 scholiastae
1332 1277 1382 1358 (ad

207 1378 325 1462 Thecg.
355 1399 385 1441 v.
415 1379 492 1458 411)
521 1382 711 1465 opinionem
739 1400 807 1445 non
840 1375 1059 1463 respuendam
1096 1401 1170 1446 esse
1206 1387 1383 1466 propterea

207 1485 248 1548 ab
272 1483 420 1549 Hesiodo
442 1485 606 1550 Hecatam
637 1488 683 1550 ita
714 1486 939 1570 praedicatam
963 1505 1046 1569 esse,
1075 1488 1160 1570 quod
1184 1489 1219 1552 in
1242 1487 1383 1552 Boeotia

205 1594 385 1676 praecipue
411 1593 583 1656 coleretur.
629 1591 714 1656 Nam
739 1594 840 1657 etiam
863 1595 1044 1676 posteriore
1074 1598 1181 1658 aetate
1197 1593 1308 1657 Diana
1330 1596 1383 1658 vel

205 1697 343 1780 Hecate,
366 1700 545 1782 praecipue
569 1718 617 1779 ea,
643 1718 727 1781 quae
743 1698 882 1779 ilithyia
899 1701 1200 1783 cognominabatur,
1223 1703 1259 1764 in
1274 1699 1383 1766 Boeo-

205 1808 314 1869 torum
338 1807 431 1868 cultu
455 1803 563 1883 erat1).
1064 1797 1066 1802 ’

639 2248 641 2254 y
697 2139 891 2243 (1555511.

425 2333 469 2403 115
491 2332 670 2404 homicidiis
693 2333 728 2403 in
750 2333 871 2404 Dianae
894 2333 985 2404 cultu
1006 2333 1151 2405 usitatis.

293 2513 468 2597 Superiore
494 2517 602 2598 capite
626 2514 752 2579 Dianae
776 2519 936 2598 naturam,
961 2516 1068 2598 qualis
1092 2516 1127 2578 in
1142 2514 1282 2582 Homeri
1310 2538 1384 2582 car-

202 2621 349 2684 minibus
378 2621 599 2696 describatnr,
633 2623 846 2705 contemplati
874 2639 1001 2702 sumus,
1034 2624 1095 2684 hoc
1126 2622 1194 2684 iam
1225 2623 1266 2686 de
1297 2627 1383 2688 anti·

205 2729 365 2809 quissima
392 2726 519 2790 Dianae
547 2729 721 2812 religione,
750 2729 881 2811 qualem
909 2730 945 2792 io
976 2730 1070 2793 cultu
1102 2730 1382 2812 caerimoniisque

204 2853 430 2918 agnoscamus,
455 2835 611 2917 scripturi
635 2853 758 2917 sumus,
783 2854 848 2917 qua
863 2837 898 2899 in
914 2854 950 2898 re
966 2835 1129 2918 imprimis
1147 2834 1187 2898 de
1204 2835 1382 2900 hominum

204 2942 460 3005 mactationibus
491 2941 670 3004 dicendum
697 2942 793 3006 nobis
819 2943 890 3005 erit.
939 2941 1175 3005 crudelissimo
1199 2942 1262 3006 hcc
1286 2963 1379 3009 more

204 3049 456 3138 antiquissimae
487 3049 638 3112 nationes
663 3049 741 3112 deos
765 3051 918 3112 venerari
942 3047 1101 3112 solebant.
1148 3045 1322 3122 Quodcum
1346 3052 1381 3113 in

203 3157 308 3238 ipsius
335 3154 462 3219 Dianae
496 3155 589 3218 cultu
616 3155 707 3218 illius
739 3156 840 3218 moris
869 3156 1011 3237 vestigia
1039 3154 1243 3237 deprehendi
1272 3157 1330 3218 vel
1363 3176 1380 3219 5

203 3261 326 3324 1555115
357 3261 470 3343 colligi
498 3263 635 3344 possint,
665 3262 705 3325 de
738 3280 866 3324 summa
894 3262 1091 3344 antiquitate
1114 3259 1243 3324 Dianae
1269 3263 1381 3326 cultus

204 3369 364 3450 optimum
399 3367 560 3430 habemus
595 3368 764 3430 indicium.
821 3367 982 3432 Homines
1018 3368 1057 3430 ad
1092 3367 1169 3431 deos
1197 3369 1382 3451 placandos

203 3480 347 3538 mactare
377 3476 523 3539 omnium
554 3474 869 3558 lndcgermanorum
899 3494 1072 3538 commune
1099 3475 1232 3538 videtur
1262 3475 1380 3556 fuisse,

205 3602 279 3646 oum
309 3584 409 3646 etiam
439 3583 524 3666 apud
549 3581 739 3663 Germanos,
769 3581 880 3663 155155,
910 3580 1009 3644 15155
1038 3581 1126 3643 hunc
1153 3599 1281 3644 morem
1311 3585 1381 3665 pri-

203 3692 304 3754 mitus
332 3693 491 3754 usitatum
520 3691 741 3754 inveniamus.
788 3687 905 3770 ltaque
941 3688 1026 3772 apud
1057 3686 1202 3751 Graecos
1238 3707 1381 3770 quoque,

205 3799 233 3860 si
256 3797 571 3879 antiquissima'illa
594 3797 737 3879 vestigia
759 3796 986 3877 respiciamus,
1011 3814 1030 3856 5
1052 3794 1202 3877 patribus
1218 3794 1381 3859 traditam

203 3903 306 3967 fuisse
338 3905 509 3969 hominum
538 3903 816 3967 sacrificationem
843 3920 951 3983 neque
981 3921 999 3963 5
1028 3901 1178 3964 barbaris
1207 3907 1382 3984 receptam

280 4223 299 4293 1)
320 4225 353 4279 51.
374 4220 592 4288 61651595,
614 4220 690 4284 1596,
711 4220 788 4286 1597,
810 4219 886 4275 1598.
923 4220 1029 4274 Hecate
1047 4217 1235 4287 κουροτρόφος
1254 4219 1381 4276 Schoe-

203 4331 306 4368 mann
325 4314 360 4377 ll,
379 4331 406 4382 p.
419 4313 479 4368 234.
511 4311 636 4365 Eandem
657 4311 737 4364 deam
755 4310 854 4364 fictiles
870 4311 938 4364 illae
950 4311 1056 4379 figurae
1069 4309 1225 4379 significare
1238 4309 1381 4375 videntur,

205 4421 275 4472 quae
300 4406 330 4458 in
353 4403 484 4458 Boeotiae
507 4401 588 4472 pagis
620 4415 709 4469 nuper
733 4399 864 4455 inventae
893 4401 924 4454 in
946 4398 1117 4455 Berolinensi
1141 4414 1234 4454 museo
1258 4403 1287 4453 et
1309 4400 1382 4454 alibi

204 4495 409 4548 conservantur.
