2872 4868
633 259 674 322 73

544 348 757 356 -ψ

4 456 16 482 “’
76 459 184 547 dicit1).
229 466 366 532 Rectius
390 473 502 534 autem
524 469 665 535 Dianam
688 489 763 536 mea
786 473 921 555 quidem
943 475 1109 538 sententia
1131 475 1236 539 nomi·

74 577 186 654 nasset,
210 592 296 655 quae
321 593 395 639 cum
417 575 583 642 Mercurio
613 579 769 662 coniungi
792 580 886 662 solet,
912 579 949 643 id
971 580 1059 662 quod
1081 581 1139 645 illo
1163 582 1236 647 loco

73 677 188 759 lactum
213 685 272 745 est.
302 681 410 746 Diana
434 686 524 748 enim
546 686 678 768 ipsein
700 686 835 750 illorum
858 686 994 752 deorum
1008 705 1155 770 numero,
1179 689 1237 769 qui

70 785 111 850 ibi
133 792 307 871 vocantur,
332 808 397 853 non
422 794 480 870 est.
511 788 628 872 Itaque
652 790 749 856 deam
765 797 917 874 '‘nostram
941 795 1040 858 etiam
1057 791 1237 858 infantium

69 911 176 958 curam
206 894 330 960 habere
355 896 553 980 cogitabant,
585 898 671 980 quod
695 898 843 964 officium
872 898 1032 964 videlicet
1062 919 1138 965 cum
1167 900 1235 984 illo,

65 1019 125 1082 quo
150 1002 214 1066 dea
237 1006 359 1066 matres
382 1005 420 1065 in
442 1003 600 1087 pariendo
624 1003 767 1088 adiurat,
791 1009 862 1070 arte
886 1007 1048 1071 cohaeret.

150 1124 305 1208 Denique
346 1125 621 1208 quemadmodum
654 1129 777 1212 puellis
810 1131 1052 1214 patrocinatur,
1093 1133 1142 1195 sic
1180 1133 1237 1196 vel

62 1231 293 1299 adolescentes
309 1238 471 1318 perpetua
489 1253 568 1298 cura
582 1237 795 1318 prosequitur
807 1255 929 1318 eosque
942 1237 1237 1302 exercitationibus

60 1341 194 1405 validos
229 1340 347 1404 reddit.
392 1338 510 1423 Itaque
543 1339 651 1405 Diana
687 1343 788 1406 etlam
821 1344 1068 1426 gymnasiorum
1102 1363 1237 1428 praeses

59 1447 232 1512 interdum
267 1466 302 1511 se
337 1442 515 1531 praebet2),
549 1447 638 1512 unde
668 1447 764 1512 Elide
790 1445 981 1530 Φιλομεῖραξ
1014 1447 1237 1536 vocabaun³),
1264 1453 1267 1458 ’

61 1557 203 1637 eiusque
227 1556 390 1638 templum
411 1573 514 1639 prope
537 1557 747 1639 gymnasium
771 1559 850 1620 erat.

150 1678 320 1763 Imprimis
344 1684 464 1762 autem,
498 1699 573 1743 cum
596 1699 757 1763 equorum
787 1698 900 1744 curam
928 1681 1075 1764 haberet,
1107 1683 1238 1764 qualem

58 1787 162 1874 paulo
187 1786 275 1849 infra
299 1786 535 1870 describemus,
565 1787 801 1852 certaminibus
825 1787 1045 1871 quadrigariis
1074 1789 1238 1852 interesse

57 1895 304 1976 victoriamque
334 1893 496 1978 praebere
518 1892 626 1958 Diana
648 1894 834 1979 putabatur,
863 1894 991 1976 quade
1015 1912 1051 1958 re
1074 1894 1238 1958 Pindarus

59 2019 136 2063 eam
161 1999 339 2084 magnifice
362 1999 773 2084 praedieathth.11,v.
799 2003 838 2064 11
864 2019 935 2083 sqq.

152 2123 282 2188 Dianae
318 2127 430 2210 signa,
465 2144 550 2207 quae
584 2125 625 2189 ad
657 2126 743 2188 hanc
772 2126 844 2189 eius
878 2128 1030 2188 naturam
1063 2105 1240 2190 referenda

59 2237 148 2314 sunt,
188 2235 244 2295 aut
279 2237 391 2296 erecta
424 2232 531 2316 figura
569 2231 769 2296 conformata
805 2235 905 2313 erant,
942 2236 999 2294 aut
1026 2231 1173 2295 sedentis
1203 2233 1239 2295 in

59 2342 146 2405 solio
182 2336 328 2426 feminae
363 2341 512 2423 speciem
542 2338 748 2422 praebebant
776 2341 811 2402 et
840 2338 916 2422 polo
945 2339 1017 2402 aive
1049 2336 1161 2403 modio
1189 2340 1239 2402 in-

59 2451 190 2512 structa
213 2449 316 2528 erant,
340 2464 404 2527 quo
427 2445 580 2526 symbolo
604 2445 666 2509 dea
687 2433 849 2508 naturalis
879 2444 1094 2528 significatur.
1142 2444 1238 2510 Tales
1296 2467 1297 2470 ¹

59 2573 141 2620 vero
172 2553 299 2637 figurae
330 2554 439 2616 minus
468 2554 504 2617 in
526 2552 671 2638 publicis
694 2553 829 2636 templis
854 2571 953 2635 quam
975 2553 1011 2616 in
1033 2553 1239 2637 privatorum

60 2661 219 2725 sacrariis
243 2657 492 2740 adhibebantur,
518 2678 593 2723 cum
617 2659 781 2742 exipsius
805 2657 887 2721 deae
910 2661 1029 2723 natura
1051 2646 1239 2741 hiopvvut·

60 2764 150 2838 κείας
172 2763 252 2837 θεᾶς
280 2766 388 2829 cultus
416 2766 522 2848 magis
552 2764 593 2827 ad
622 2763 767 2828 familias
799 2764 947 2846 singulas
977 2783 1077 2846 quam
1102 2763 1143 2826 ad
1166 2765 1238 2826 uni-

15 2893 18 2901 ⁴
61 2891 196 2936 versam
219 2873 390 2936 civitatem
413 2872 605 2955 pertineret.
650 2869 768 2952 Itaque
784 2870 943 2953 plurimas
961 2869 1096 2950 quidem
1111 2869 1239 2933 Dianae

62 2979 163 3042 huius
187 2978 311 3062 figuras
333 2997 452 3064 parvas
476 2977 607 3062 figlinas
631 2976 802 3057 habemus,
824 2975 953 3039 nullum
976 2995 1055 3040 vero
1081 2995 1239 3072 magnum
1330 3035 1334 3044 .

62 3105 156 3169 opus.
204 3084 343 3150 Illarum
373 3089 485 3150 autem
511 3084 691 3168 figurarum
713 3081 942 3148 Berolinensis
966 3084 1074 3147 musei
1097 3084 1134 3145 in
1157 3083 1240 3146 anti-

63 3194 181 3275 quario
220 3211 358 3278 magnus
396 3211 554 3258 numerus
601 3193 829 3273 conservatur,
875 3189 995 3271 quibus
1041 3208 1240 3272 quamquam
1272 3223 1274 3225 ·

62 3300 211 3363 nondum
240 3303 330 3364 certo
358 3298 485 3364 Dianae
515 3299 650 3363 nomine
679 3285 835 3361 definitae
871 3301 959 3379 sunt,
992 3300 1105 3361 tamen
1141 3298 1239 3361 huius

62 3393 148 3471 deae
171 3424 294 3470 nomen
317 3406 555 3489 imponendum
582 3423 656 3470 esse
685 3403 909 3486 compluribus
933 3405 1137 3487 argumentis
1165 3424 1240 3490 pro-

62 3512 145 3578 bare
174 3531 319 3597 possum.
363 3511 476 3576 Primo
505 3511 640 3594 quidem
665 3510 830 3576 adiectiva
854 3505 1088 3590 χρυσόθρονος,
1122 3502 1240 3588 adico

140 3803 161 3873 ¹)
180 3798 230 3860 ‘Ga
248 3796 440 3873 Oumtrophot'
460 3801 546 3860 etiam
564 3803 640 3872 apud
658 3803 689 3857 P.
707 3800 729 3868 1,
747 3799 791 3868 22,
809 3801 835 3857 3.

139 3891 161 3960 ²)
181 3893 293 3950 Hesiod.
305 3894 421 3964 Thecg.,
438 3910 465 3948 v.
483 3891 598 3948 tet-8.
634 3891 668 3946 of.
682 3891 764 3947 Hom.
780 3907 807 3957 a,
825 3908 852 3944 v.
871 3889 914 3945 71.
950 3889 1013 3944 Eur.
1026 3887 1112 3958 Hipp.
1129 3907 1156 3947 v.
1174 3887 1240 3946 228:

408 3975 538 4035 Amnav’
556 3972 751 4046 ἑλίαςἎρτεμι
767 3977 872 4045 Λέρνας

407 4066 454 4120 nul
470 4067 625 4136 γυμνασίων
639 4067 695 4120 τῶν
712 4062 887 4133 {mandans

290 4167 291 4170 ’
408 4152 467 4208 abta
483 4153 610 4221 γενοίμαν
627 4148 731 4214 dunois
747 4147 878 4214 δαπέδοις

409 4238 517 4301 πώλους
530 4233 642 4302 Ἐνέτας
658 4234 866 4306 depalatorem.

142 4344 164 4414 ³)
184 4345 216 4400 P.
228 4345 276 4412 VI,
294 4343 338 4412 23,
353 4344 380 4401 8.
403 4347 444 4402 Ex
458 4345 627 4403 Welokeri
645 4346 785 4403 sententia
798 4345 846 4413 (11,
858 4363 886 4416 p.
897 4341 976 4412 404lt
993 4337 1055 4400 ‘mit
1066 4345 1240 4416 Ampielung

63 4439 115 4494 des
135 4433 317 4491 Volkswitaea
334 4434 384 4489 auf
398 4434 446 4490 die
463 4433 572 4506 sprbda
589 4433 710 4490 keusche
728 4428 842 4502 Gottin:
861 4434 936 4503 quod
954 4430 1045 4489 minus
1062 4436 1167 4504 putem.
