2872 4868
5 117 7 121 ·
84 101 274 173 fovebantur
282 105 305 189 ¹)
333 111 366 171 et
393 107 538 172 ferarum
567 106 694 172 hostiae
721 102 1003 188 adhibebantur'),
1037 107 1093 171 vel
1124 125 1244 192 peoora

84 209 209 280 Dianae
231 213 516 297 consecrabantur,
556 214 643 296 quod
675 215 724 280 sic
752 214 928 299 pinguiora
955 213 1016 277 illa
1044 212 1118 277 fieri
1148 217 1244 296 puta·

84 318 193 403 hanff).
240 320 401 386 Similiter
415 321 583 398 Hesiodus
597 320 763 386 Hecatam
785 321 826 385 ob
843 305 928 384 hanc
943 321 1101 384 virtutem
1116 317 1241 384 laudat:

228 420 328 510 ἐσθλὴ
352 419 378 490 δ’
402 422 436 490 ἐν
458 429 627 508 σταθμοῖσι
648 420 711 490 σὺν
726 419 837 511 Ἐρμῇ
858 419 940 508 ληΐδ’
964 418 1066 502 ἀέξειν

212 517 399 614 Ιβουκολίας
420 524 446 592 τ’
471 525 584 612 άγίλσς
605 549 639 593 τε
659 527 713 594 καί
735 526 863 594 αἰπόλια
884 525 987 608 πλατέ’
1011 529 1112 612 αἰγοίν

228 636 365 717 ποίμνας
385 628 410 698 τ’
435 629 615 715 εἰροπόκων
637 628 727 708 ὀΐων,
749 633 849 722 θυμῷ
870 629 897 716 γ’
921 630 1085 710 ἐθέλουσα,

227 734 258 816 ἐξ
280 734 400 821 όλίγων
422 734 525 820 βριάει
545 735 601 800 καὶ
622 733 656 802 ἐκ
677 738 808 801 πολλῶν
829 738 943 820 μείονα
963 738 1066 821 θῆκεν

71 863 155 928 quae
195 844 298 908 verba
334 843 484 909 Hecatae
521 842 709 908 Hcsiodeae
735 847 784 910 et
820 842 948 908 Dianae
992 842 1242 925 antiquissimae

70 951 326 1015 similitudmem
348 951 530 1016 maximam
551 949 709 1014 indicant.

159 1057 310 1122 Primum
339 1059 407 1122 iam
434 1057 536 1140 feras,
564 1075 645 1139 quas
673 1055 893 1139 venabantur,
926 1055 1008 1121 deae
1033 1058 1241 1121 consecratas

68 1163 252 1248 habebant,
284 1183 404 1248 nempe
434 1165 564 1249 lepores
598 1167 632 1228 et
663 1181 778 1228 cervos
806 1163 954 1245 aliasque
982 1162 1120 1246 bestias,
1151 1162 1244 1226 velut

67 1291 165 1356 apros
203 1276 237 1336 et
271 1290 373 1335 ursos.
428 1269 479 1336 De
511 1272 624 1354 lepore
655 1271 843 1335 rectissime
872 1269 1051 1335 Stickelius
1085 1269 1126 1351 (d.
1155 1267 1241 1332 Mon.

67 1377 239 1442 Graeohw.
273 1397 303 1462 p.
333 1375 386 1458 11)
419 1377 515 1460 dicit,
549 1369 610 1440 ‘Er
645 1378 689 1442 ist
727 1377 786 1441 das
812 1376 1003 1460 jagdbarste
1036 1375 1135 1440 'Ihier
1174 1375 1242 1438 und

65 1484 151 1548 wird
175 1485 279 1548 daher
302 1485 352 1548 als
376 1482 512 1565 Symbol
535 1484 618 1548 aller
640 1483 781 1567 ubrigen
799 1482 993 1567 Jagdthiere
1015 1482 1160 1562 benutzt,
1182 1501 1239 1546 um

66 1592 122 1664 die
148 1589 282 1671 Gottin,
311 1591 438 1655 welche
462 1590 516 1655 die
539 1589 720 1654 Menschen
744 1591 805 1654 mit
827 1587 987 1674 Nahrung
1008 1593 1173 1673 versorgt,
1205 1607 1240 1652 sc

64 1718 108 1762 zu
130 1698 395 1779 hennzeichnen,
420 1698 468 1760 als
484 1697 547 1781 die,
571 1697 698 1761 welche
719 1697 811 1761 diese
827 1696 946 1760 Thiere
968 1697 1044 1761 dem
1057 1695 1240 1760 Menochen

65 1796 178 1888 giebt.²
225 1802 351 1867 Eadem
374 1803 415 1866 de
438 1822 538 1866 causa
563 1821 680 1866 cervus
695 1801 823 1866 Dianae
847 1821 941 1867 sacer
963 1798 1179 1884 habebatur4)
1204 1806 1237 1864 et

67 1911 266 1995 saepissime
290 1910 371 1975 deae
395 1910 510 1994 figuris
535 1906 754 1989 addebatur5).
792 1907 908 1991 Neque
932 1911 1022 1972 enim
1044 1909 1240 1991 intellegere

65 2036 205 2102 possum
234 2020 366 2080 veteres
395 2015 539 2080 Graecos
562 2015 689 2081 Dianae
722 2017 762 2080 ob
793 2015 829 2079 id
857 2019 986 2079 tantum
1016 2035 1130 2080 cervos
1164 2035 1240 2079 con·

65 2141 234 2206 sacrasse,
265 2122 351 2206 quod
380 2141 494 2188 eorum
520 2123 626 2207 pelles
653 2123 785 2206 punctis
815 2126 949 2187 ornatae
978 2123 1063 2186 caeli
1086 2123 1240 2187 nocturni

66 2232 218 2316 speeiem
240 2229 451 2314 praeberent,
481 2249 579 2312 quam
608 2231 808 2295 sententiam
834 2231 987 2295 nonnulli
1008 2231 1239 2314 probaverunt.

63 2339 118 2403 Ad
134 2335 380 2402 immolationes
396 2356 475 2401 vero
493 2356 607 2402 cervos
624 2337 744 2403 Graeci
759 2340 869 2402 minus
886 2333 1125 2418 adhibebant⁶),
1150 2335 1236 2419 quod

38 2472 42 2480 ·
63 2443 246 2524 Babylonii
258 2443 379 2508 fecisse
392 2443 565 2506 traduntur
572 2439 606 2526 ⁷),
624 2446 681 2525 qui
692 2448 730 2507 ut
742 2462 872 2527 semper
883 2444 1066 2507 hostiarum
1076 2441 1238 2505 haberent

64 2553 209 2634 copiam,
240 2549 280 2612 ad
303 2550 428 2633 templa
453 2549 534 2613 deae
559 2567 674 2614 cervos
696 2549 898 2613 nutriebant.
943 2550 976 2612 A
999 2550 1106 2612 cervis
1123 2546 1236 2610 'Diana

11 2743 13 2747 .
65 2656 154 2741 apud
176 2656 278 2720 Illeos
307 2673 489 2738 cognomen
511 2656 639 2738 recepit
668 2651 965 2738 Elaphiaeaeh,
998 2658 1036 2718 ut
1063 2655 1131 2719 iam
1152 2653 1239 2718 Pau-

66 2765 178 2828 sanias
201 2768 293 2827 recte
318 2764 471 2848 opinatus
496 2761 555 2826 est.
602 2760 731 2826 Deinde
754 2762 854 2825 huius
872 2761 999 2825 Dianae
1022 2762 1058 2825 in
1080 2762 1239 2826 honorem

139 3008 160 3077 ¹)
180 3009 280 3081 Polyb.
297 3010 346 3078 IV,
366 3007 409 3076 18,
429 3011 470 3066 10.

137 3095 160 3165 ²)
178 3097 208 3154 P.
227 3098 288 3166 VII,
308 3097 350 3165 18,
370 3099 413 3154 12.

138 3183 208 3254 θ)Ρ.
227 3187 263 3254 Χ,
281 3188 324 3255 37,
345 3189 373 3243 5:
401 3183 491 3242 όπόσα
509 3181 576 3242 δ’άν
593 3189 648 3241 τῶν
665 3185 844 3260 βοσκημάτων
867 3185 926 3259 λιρόι
948 3183 1152 3254 ἐπονομάσωσιν
1170 3180 1239 3239 εἶναι

61 3274 94 3344 τῇ
110 3268 244 3342 Ἀρτέμιδι
262 3269 327 3330 ἄνευ
343 3273 427 3330 νόσον
444 3277 533 3330 ταῦτα
548 3275 596 3330 καλ
612 3273 727 3346 πιότερα
747 3277 804 3330 τόν
820 3269 907 3330 ἄλλων
924 3270 1103 3344 ἐκτρέφεσθαι
1119 3269 1239 3340 λόγονσιν

61 3361 110 3432 (ιο.
128 3361 284 3432 Hyantea).
322 3363 357 3419 of.
376 3363 486 3419 Gallim.
503 3363 587 3434 Hym.
606 3364 636 3419 in
654 3364 735 3420 Dian.
753 3383 779 3421 r.
800 3362 851 3419 130
869 3381 910 3430 sq.

136 3448 159 3519 ⁴)
178 3451 209 3506 P.
228 3451 303 3522 VIII,
322 3452 364 3520 10,
385 3452 431 3509 1οε
449 3451 500 3521 τὴν
519 3449 594 3521 λιράν
610 3453 661 3522 τῆς
677 3447 844 3520 καλεομένης
862 3452 1013 3521 Δεσποίνης
1030 3447 1139 3520 ἔλαφον.

137 3537 158 3608 ⁶)
178 3540 212 3597 ef.
224 3541 310 3598 Mien.
323 3541 374 3606 III,
392 3541 540 3609 174-192,
560 3542 620 3608 159,
638 3541 700 3608 211,
719 3538 783 3608 2583
802 3531 930 3608 1ἰί,400,
947 3542 1008 3598 441.
1039 3542 1074 3598 cf.
1090 3539 1237 3606 Preller,

60 3629 151 3699 Myth.
171 3628 218 3686 Gr.
235 3629 258 3696 I,
276 3649 304 3700 p.
323 3629 384 3697 261,
402 3649 431 3686 n.
450 3633 475 3688 3.
567 3667 569 3670 -

136 3713 159 3786 ⁶)
177 3717 211 3773 cf.
230 3719 380 3786 Movere,
399 3720 433 3774 de
452 3719 558 3775 Phoen.
576 3719 598 3786 I,
616 3737 645 3789 p.
662 3720 724 3776 406.

137 3803 287 3874 ⁷)Arrian.
314 3807 419 3879 Exped.
438 3808 529 3864 Alex.
556 3807 623 3875 VII,
651 3807 699 3862 2οε
730 3807 752 3861 Ε
779 3807 891 3864 Graecis
916 3810 1026 3865 tantum
1053 3808 1237 3866 Athenienses

62 3910 159 3951 cervos
179 3895 373 3951 immolabant.
404 3897 438 3953 cf.
451 3897 597 3960 Beklrer,
614 3898 668 3954 An.
680 3896 702 3963 I,
721 3895 773 3950 249
792 3899 821 3952 et
838 3898 990 3954 Patreuses.
1025 3898 1057 3954 P.
1070 3898 1117 3967 VI,
1137 3897 1179 3962 18,
1196 3898 1238 3952 12.

136 3982 158 4051 ⁸)
176 3983 207 4038 P.
227 3982 281 4050 VI,
299 3982 346 4051 22,
368 3985 417 4040 1οι
439 3982 604 4055 Ἐλαφιαίαν
626 3980 657 4039 a
679 3980 793 4039 ἐκάλουν
815 3983 841 4038 ολ
860 3980 961 4041 Ἠλεῖοι
982 3983 1033 4054 τὴν,
1047 3981 1171 4056 ’Λρτεμιν
1193 3980 1237 4038 ἐπὶ

57 4072 115 4127 τῶν
133 4066 252 4138 ἐλάφων,
271 4065 330 4137 ἰμοί
348 4071 446 4139 δοκεῖν,
463 4077 497 4144 τῇ
517 4071 605 4147 θήρᾳ.
