2872 4868
762 245 804 308 72

197 463 233 524 et
264 475 380 541 preces
412 457 495 521 deae
530 457 698 523 deberent.
742 457 860 542 Itaque
890 459 927 522 in
956 457 1090 541 publico
1121 455 1247 520 Dianae
1275 455 1345 520 cultu
1386 411 1425 484 θῶ

198 566 392 649 saepissime
429 565 618 648 puellarum
655 567 795 630 choreae
830 564 1086 647 adhibebantur,
1126 581 1265 645 quarum
1298 563 1348 624 iam
1393 532 1425 590 ’β

198 672 362 738 Homerus
397 671 448 754 (Π
463 691 494 736 v.
520 671 596 753 183)
630 674 833 737 mentionem
866 673 956 736 facit.
1017 670 1095 735 Deli
1130 669 1351 753 antiquissimis
1401 635 1425 696 π

199 783 266 846 iam
295 779 499 865 temporibus
532 779 671 844 choreae
699 780 839 861 hymnos
868 781 909 854 ,in
931 777 1123 863 Apollinem
1155 781 1189 841 et
1211 776 1354 841 Latonam
1408 740 1425 804 l

201 893 235 954 et
249 888 391 952 Dianam
415 885 617 969 canebantl).
647 883 828 951 Notissima
851 885 972 950 deinde
995 889 1047 950 est
1060 883 1240 948 Brauronii
1263 884 1356 948 cultus
1420 868 1425 912 Π

201 996 410 1076 caerimonia,
436 1014 519 1077 quae
535 988 666 1075 ἄρκτεία
684 990 953 1073 nominabatur2).
984 993 1132 1073 Cumque
1148 991 1259 1055 Diana
1273 989 1358 1054 simul
1423 979 1425 1008 “

200 1097 361 1166 matruelis
385 1100 447 1164 dea
463 1106 560 1184 esset,
584 1101 711 1165 fruetus
728 1102 760 1164 ei
776 1118 796 1163 a
816 1099 1004 1184 puellarum
1020 1099 1150 1163 choreis
1166 1099 1202 1162 in
1220 1098 1360 1162 canistris

200 1207 430 1290 offerebantur,
459 1206 548 1271 unde
574 1205 762 1288 αανηφορία
787 1207 871 1270 ritus
898 1205 1087 1287 vocabatur,
1116 1205 1174 1286 qui
1197 1199 1361 1281 Athenis³)

203 1314 350 1395 alibique
385 1314 616 1398 exercebatur,
650 1315 744 1379 velut
778 1312 893 1394 Carpis
928 1315 964 1376 in
999 1311 1154 1377 Laconia.
1213 1311 1364 1376 Similiter

201 1421 434 1505 Spartanorum
456 1422 589 1504 puellae
614 1423 651 1484 in
671 1419 799 1484 Dianae
826 1420 951 1504 templo
976 1420 1092 1484 choros
1116 1418 1292 1501 ducebant,
1315 1415 1365 1481 sed

202 1531 312 1592 minus
342 1530 487 1612 graviter
518 1531 551 1592 et
565 1589 567 1594 ,
581 1529 799 1611 sollemniter,
837 1547 937 1611 quarn
966 1527 1003 1590 in
1032 1525 1166 1610 publico
1196 1526 1281 1606 loco,
1318 1523 1367 1587 vel

204 1635 371 1700 interdum
401 1636 525 1700 lascive
554 1639 588 1700 et
615 1636 711 1716 quasi
737 1629 943 1715 Bacchium).
987 1631 1022 1698 ls
1049 1651 1128 1697 vero
1158 1634 1245 1696 ritus
1272 1633 1368 1714 tripu·

203 1743 331 1807 diorum
348 1744 547 1808 lascivorum
562 1746 633 1806 tum
649 1742 783 1806 demum
798 1743 952 1806 extitisse
967 1740 1108 1823 videtur,
1124 1759 1200 1804 eum
1216 1737 1369 1826 Baeohici

206 1850 315 1914 cultus
337 1850 562 1933 vulgarentur,
586 1849 794 1930 Asiaticique
818 1865 925 1912 mores
942 1867 962 1911 a
978 1845 1114 1910 Graecis
1137 1847 1369 1929 reciperentur.

204 1953 372 2038 Lydorum
405 1958 495 2019 enim
528 1955 614 2019 tales
649 1955 844 2019 saltationes
879 1957 981 2017 erant.
1025 1951 1177 2017 Imitataa
1212 1971 1269 2017 eas
1305 1970 1370 2017 esse

203 2062 345 2128 Dianam
377 2063 662 2146 nympharumque
696 2061 828 2126 turbam
862 2079 923 2145 per
958 2060 1062 2124 saltus
1095 2059 1243 2124 venandi
1279 2077 1372 2124 causa
1424 2069 1425 2104 ³

204 2175 381 2255 vagantem
404 2168 600 2234 Welokerus
625 2167 694 2251 (uh.
718 2167 772 2232 Gr.
795 2167 840 2252 11,
863 2187 894 2252 p.
920 2167 983 2231 392
1008 2164 1068 2250 aq.)
1093 2167 1274 2230 existimat.

293 2277 422 2342 Deinde
438 2276 545 2340 Diana
568 2296 588 2340 a
610 2275 796 2340 nutricibus
811 2273 1061 2340 Lacedaemone
1086 2273 1268 2358 colebatur,
1293 2292 1372 2356 quae

204 2383 327 2448 liberos
357 2383 489 2447 divinae
519 2383 780 2447 benevolentiae·
806 2380 1089 2463 commendabant,
1120 2383 1158 2444 ut
1188 2381 1374 2445 morborum

202 2491 353 2574 pericula
366 2490 427 2554 dea
443 2490 483 2553 ab
500 2491 549 2552 eis
566 2483 733 2569 arceret5),
758 2505 842 2570 quae
858 2487 1033 2551 sollemnia
1054 2483 1269 2567 Τιθηνίδια
1286 2506 1375 2552 voca·

205 2592 364 2677 bantur⁶),
401 2595 508 2659 Diana
531 2598 655 2676 autem,
681 2596 735 2657 oui
757 2595 840 2657 haec
864 2612 957 2658 sacra
979 2592 1113 2675 fiebant,
1138 2591 1376 2672 Κορυθαλία

206 2703 261 2766 vel
292 2698 501 2781 Koqvtteitau
532 2701 762 2784 cognominata
794 2703 874 2783 erat,
907 2699 994 2782 quod
1023 2717 1145 2763 nomen
1174 2698 1260 2761 mihi
1291 2697 1377 2762 idem

207 2809 396 2894 significare
423 2808 565 2891 videtur,
597 2807 684 2890 quod
708 2803 956 2890 Κουροτρόφος,
988 2825 1052 2889 quo
1079 2807 1153 2890 ipso
1183 2807 1376 2888 cognomine

209 2917 317 2981 Diana
348 2911 608 3000 appellabatm⁷)
642 2919 676 2980 et
701 2909 862 2997 Hecata⁸)
895 2918 929 2978 et
953 2909 1092 2995 uorem).
1132 2903 1376 2996 ‘Ourotrophus’

208 3024 260 3088 vel
284 3025 405 3089 emisso
428 3022 561 3088 nomine
584 3023 719 3107 proprio
743 3020 973 3105 appellabatur
987 3020 1082 3084 velut
1098 3019 1138 3083 ab
1154 3019 1377 3103 Aristophane

206 3128 402 3214 Thesmoph.
425 3149 455 3196 v.
479 3131 553 3212 297,
581 3129 640 3194 ubi
663 3128 843 3194 scholiasta
865 3125 1001 3191 Terram
1023 3125 1166 3190 Matrem
1196 3123 1378 3208 significari

283 3358 303 3428 ¹)
322 3360 426 3431 Hymn
443 3361 525 3418 Hom.
544 3362 575 3416 in
592 3359 685 3430 Apoll.
704 3377 730 3413 v.
751 3355 811 3414 159.
847 3357 882 3413 cl.
901 3356 1004 3413 Herod.
1022 3355 1070 3423 IV,
1089 3355 1133 3422 35,
1220 3385 1222 3390 ·

281 3445 303 3518 ²)
322 3450 356 3506 ci.
373 3449 531 3519 Suohier,
550 3450 586 3504 de
604 3449 695 3504 Diana
712 3445 873 3512 Brauronia,
892 3464 920 3516 p.
939 3443 974 3499 26
992 3461 1053 3513 sqq.

281 3535 303 3606 ⁸)
323 3539 356 3594 cf.
374 3539 515 3610 Aristoph.
534 3536 632 3607 Lysiet
654 3554 681 3592 ι.
699 3536 761 3591 olo

283 3624 306 3694 ⁴)
325 3627 417 3684 Sobel
434 3627 498 3682 Eur.
517 3626 585 3681 Hac.
603 3643 630 3681 v.
642 3623 708 3678 915:
727 3619 758 3676 αἱ
770 3620 892 3691 Δωρίδος
902 3620 984 3687 κόραι
995 3615 1136 3690 ἐρχόμεναι
1148 3619 1185 3682 εἰς
1195 3615 1245 3674 τὸν
1255 3635 1325 3672 ναον
1335 3635 1383 3686 της

203 3709 359 3834 ’decipulae
376 3710 560 3769 ἐνθουσιῶσαν
549 3708 643 3780 aper&
661 3706 722 3774 ἑνὸς
738 3708 824 3777 μόνον
840 3709 953 3778 χιτῶνος
971 3703 1116 3778 ὠρχοῦντο.

294 3802 359 3868 )of.
377 3803 480 3872 Hymn.
500 3801 586 3872 Orph.
605 3802 648 3867 36,
667 3818 692 3855 r.
713 3799 746 3854 15
765 3801 794 3855 et
813 3816 837 3853 r.
858 3800 882 3853 7.

282 3889 305 3957 ⁰)
324 3891 426 3946 Athen
444 3891 469 3957 4,
490 3888 542 3945 139
561 3907 586 3956 a,
605 3889 633 3944 b.

285 3978 306 4048 ⁷)
325 3980 429 4050 Hymn.
447 3978 533 4049 Orph.
552 3977 600 4044 36,
624 3994 651 4032 v.
669 3977 699 4032 8:
717 3975 824 4048 βροτῶν
841 3969 1012 4042 αονροτρόφε
1031 3972 1139 4038 δαῖμον.
1182 3968 1264 4027 Diod.
1283 3969 1318 4039 V,
1337 3969 1384 4026 73:

209 4061 333 4137 Ἀρτεμιν
356 4062 387 4121 de'
404 4081 491 4135 φασιν
511 4060 600 4135 εὑρεῖν
623 4060 675 4133 τὴν
696 4064 751 4118 τῶν
772 4063 878 4132 νηπίαν
898 4061 1018 4116 παιδίοιν
1038 4057 1190 4125 θεραπείαν
1210 4056 1257 4112 καὶ
1278 4055 1386 4126 τροφάς

209 4173 287 4216 τινας
310 4149 483 4222 ἁρμοζούσας
502 4154 536 4224 τῇ
559 4150 640 4220 φύσει
662 4152 718 4204 τῶν
740 4151 865 4222 βρεφῶν·
893 4143 942 4217 ἀφ’
964 4140 999 4217 ἧς
1026 4146 1115 4208 αἰτίας
1131 4143 1178 4198 aul
1195 4143 1387 4214 κουροτρόφον

209 4233 561 4399 wmgloldbbibffiobeog.
580 4345 607 4382 r.
624 4325 677 4384 450
694 4343 736 4395 sq.
771 4325 858 4395 Hyrn.
875 4323 960 4392 Orph
979 4321 1046 4387 Lu.
1065 4321 1090 4378 7.

284 4414 905 4492 ο)Ηγιιι.οιρ1ιι10,62Ηοιγοὶι.ο.ι.
