2872 4868
634 259 674 324 61

549 348 761 356 -ι----ᾷ

60 491 96 549 et
112 487 340 568 promontoria
356 488 427 551 eius
443 506 538 552 sacra
554 489 750 571 plerumque
767 496 870 573 erant,
886 495 918 554 et
931 495 1086 574 portuum
1100 490 1239 554 tutelam

58 593 190 656 habere
207 594 393 676 putabatur,
417 613 521 676 quare
535 593 717 676 Monychia
733 595 840 660 Diana
864 591 1123 679 λιμενοσκόποςῑ)
1147 597 1236 660 dicta

61 704 116 763 est
141 704 176 763 et
201 697 457 782 Callimachus2)
480 701 577 765 deam
599 696 776 782 λιμένεσσιν
797 699 972 766 ἐπίσκοπον
995 703 1149 786 appellat.
1184 703 1237 765 Ad

60 808 152 869 hanc
191 807 336 889 denique
373 813 524 874 naturam
563 809 776 872 referendum
814 827 943 890 censeo,
982 810 1068 891 qnod
1105 813 1238 873 moneta

61 913 261 997 Magnesiae
274 913 483 980 Thessalicae
496 915 638 980 Dianam
655 915 793 979 exhibet
805 917 842 978 in
853 934 950 998 prora
963 911 1236 995 consistentem³).

157 1054 228 1120 Neo
256 1062 367 1120 tamen
390 1060 491 1122 maris
515 1051 695 1122 dominatio
718 1057 845 1122 Dianae
873 1063 942 1122 tam
965 1062 1074 1143 prisca
1096 1059 1236 1142 videtur,

63 1181 167 1242 quam
196 1161 256 1224 illa
284 1183 441 1246 aquarum
471 1169 576 1228 terras
604 1164 823 1249 irrigantium.
868 1163 953 1228 Nam
981 1167 1174 1249 saepissime
1202 1169 1237 1229 in

61 1267 195 1331 Dianae
217 1271 352 1353 templis
375 1271 483 1334 fontes
513 1272 637 1337 multae
662 1293 766 1354 aquae
791 1277 885 1336 erant
908 1277 965 1334 aut
988 1274 1079 1336 lacus
1103 1275 1139 1336 in
1162 1291 1237 1337 ocn-

60 1373 145 1437 finio
171 1372 293 1457 orant4)
319 1381 375 1440 aut
396 1380 591 1460 cognomina
608 1379 648 1442 ad
666 1399 784 1461 aquam
806 1380 1009 1463 pertinentia
1024 1379 1087 1442 dea
1103 1382 1237 1464 recepit.

60 1480 221 1559 Λιμνᾶτις
242 1484 348 1564 primo
373 1483 603 1567 appellabatur
627 1484 851 1568 compluribus
866 1483 1089 1568 Peloponnesi
1112 1482 1235 1568 locis⁵),

58 1586 121 1649 ubi
146 1586 305 1652 videlicet
327 1591 452 1673 templa
476 1591 518 1653 ad
542 1591 680 1674 paludes
704 1592 767 1654 sita
792 1596 892 1654 erant.
939 1590 1134 1656 Limnaee
1156 1612 1235 1656 vero

59 1693 173 1757 Diana
208 1691 379 1776 Sicyone⁶)
416 1697 595 1761 colebatur.
640 1695 740 1761 Nulla
774 1701 886 1761 tamen
919 1699 1121 1781 praeclarior
1156 1703 1235 1780 erat,

59 1821 164 1882 quam
187 1801 296 1865 Diana
318 1802 491 1884 Limnatis,
520 1824 604 1886 quae
634 1807 669 1868 in
693 1803 837 1888 Taygeto
865 1807 901 1867 in
923 1804 1110 1868 Messeniae
1133 1803 1237 1868 Laco·

57 1909 208 1990 uiaeque
222 1909 373 1976 confiniis
387 1911 613 1994 conventibus,
627 1911 800 1976 sacrificiis
813 1911 1115 1994 certaminibusque
1130 1930 1235 1993 usque

59 2015 104 2079 ad
129 2015 332 2094 Graecorum
356 2023 506 2082 extrema
528 2024 678 2101 tempora
702 2021 910 2082 sanctissime
935 2013 1143 2100 colebatuffl).

152 2158 283 2223 Deinde
292 2150 419 2222 ‘Elaion
435 2159 487 2242 (ab
505 2154 575 2232 ἕλος
590 2161 611 2222 i.
628 2179 656 2241 q.
673 2158 768 2255 λίμνη
785 2158 1041 2240 denominatam)
1061 2158 1236 2224 Messenae

59 2272 96 2330 et
131 2267 243 2330 Alorii
276 2268 312 2332 in
346 2265 467 2330 finibus
501 2266 667 2329 Arcadiae
704 2265 995 2350 deprehendimus,
1034 2267 1063 2328 si
1103 2265 1237 2348 quidem

59 2371 98 2437 Ο.
121 2373 281 2437 Muelleri
310 2376 533 2444 coniecturam
563 2374 603 2456 (d.
627 2372 704 2438 Dor.
727 2371 753 2454 I,
781 2393 811 2456 p.
836 2371 912 2453 379)
939 2372 1131 2457 probamuS,
1162 2392 1237 2436 oum

62 2481 152 2564 apud
177 2475 418 2572 Hesychium⁸)
454 2475 556 2542 Ἐλεία
584 2481 767 2544 correxerit
795 2481 830 2542 in
846 2472 953 2542 ‘Elaia
979 2485 1013 2543 et
1041 2480 1127 2566 apud
1150 2478 1237 2544 Stra-

56 2577 215 2667 boncm⁹)
236 2579 359 2659 Ἠλείας
382 2589 418 2650 in
436 2579 566 2660 Ἑλείας.

151 2729 234 2795 Tum
260 2729 301 2793 ad
315 2730 514 2793 Laconicam
539 2749 629 2792 oram
645 2729 772 2792 Dianae
794 2727 957 2792 lssorae
979 2729 1035 2792 vel
1057 2728 1235 2792 Issoriae

58 2855 247 2920 cognomen
271 2843 355 2917 erat,
386 2855 484 2920 quam
515 2837 555 2899 ad
588 2837 673 2898 hanc
702 2837 823 2898 seriem
851 2835 1117 2914 adnumeremus,
1149 2833 1235 2914 quod

58 2946 183 3010 eadem
197 2943 359 3006 Limnaeo
375 2937 714 3026 cognominabaturw)
732 2945 856 3004 etcum
871 2939 1023 3023 Neptuno
1049 2941 1236 3004 consociata

57 3057 143 3118 erat.
171 3051 212 3114 In
224 3049 370 3114 Taenaro
385 3045 608 3134 promontorio
627 3050 699 3130 eius
715 3048 877 3130 templum
890 3051 961 3110 erat
973 3051 1006 3110 et
1018 3035 1235 3128 Teuthronae,

58 3160 151 3242 quod
186 3157 341 3242 oppidum
376 3158 417 3220 ad
446 3176 537 3222 oram
569 3158 661 3220 sinus
689 3154 847 3218 Laconici
881 3155 982 3218 situm
1011 3159 1093 3235 erat,
1129 3152 1236 3217 Diana

137 3460 159 3527 ¹)
180 3460 290 3522 Gallim·
308 3460 343 3514 H.
361 3461 392 3514 in
410 3459 491 3515 Dian.
509 3478 536 3514 v.
556 3459 616 3514 259.

137 3549 159 3618 ²)
180 3550 250 3605 Ibid.
268 3569 294 3606 v.
307 3548 350 3604 39.
382 3549 415 3604 cf.
433 3550 527 3620 Eurip.
545 3550 631 3618 Hipp.
649 3566 676 3602 v·
695 3546 759 3602 228:
779 3539 896 3600 δέσποιν’
917 3537 1111 3610 nilamonem
1122 3540 1235 3607 Adpone.

137 3638 159 3709 ³)
179 3640 213 3694 of.
232 3639 361 3694 Archbol.
380 3639 475 3707 Zeitg,
496 3636 572 3703 1849,
591 3655 619 3707 p.
637 3637 679 3701 91,
698 3655 725 3690 n.
746 3634 788 3689 14.

137 3727 160 3796 ⁴)
179 3729 208 3782 P.
228 3727 277 3793 ΙΙΙ,
296 3726 382 3793 22,>8.
419 3727 453 3781 of.
473 3725 640 3790 Welcker,
659 3724 755 3778 Theol.
775 3723 820 3777 Gr.
839 3723 860 3785 I,
878 3739 905 3791 p.
924 3720 974 3775 581
994 3736 1063 3787 sqq.·

136 3815 159 3884 ⁵)
178 3818 269 3887 Prope
282 3817 413 3886 Tegeam·
431 3816 461 3870 P.
481 3815 553 3881 Vlll,
573 3815 614 3881 53,
634 3814 680 3879 ll,
699 3812 869 3883 Epidaurum
886 3810 1033 3874 Limeram.
1063 3807 1111 3872 Ill,
1131 3805 1173 3874 23,
1194 3805 1234 3858 10.

135 3905 349 3975 MPMLM

140 3993 162 4063 ⁷)
182 3995 213 4049 P.
237 3995 285 4058 IV,
308 3993 333 4062 t,
357 3993 381 4049 2.
418 3992 505 4046 Tacit.
523 3992 596 4046 Ann.
616 3991 664 4059 IV,
689 3990 732 4044 43.
770 3991 805 4045 cl.
827 3988 857 4042 E.
877 3987 1027 4052 Curtius,
1052 3984 1234 4054 Peloponnes,

53 4089 93 4156 II,
114 4105 143 4157 p.
165 4086 224 4140 157.
255 4084 334 4138 Illius
352 4082 453 4152 templi
471 4082 547 4137 locus
565 4085 593 4134 et
616 4080 713 4134 ruinae
731 4078 978 4148 inscriptionesque
996 4075 1089 4130 variae
1107 4073 1234 4128 detectae

55 4180 134 4236 sunt.
169 4165 208 4228 cl.
227 4172 409 4236 Fraenkel,
429 4169 557 4226 Archdol.
576 4168 673 4238 Zeitg,
694 4167 769 4234 1877,
789 4165 913 4230 XXXIV,
932 4182 959 4234 p.
979 4164 1012 4220 28
1031 4181 1071 4232 sq.

134 4262 158 4331 ⁸)
177 4262 297 4331 Hesych.
317 4279 336 4314 s.
356 4279 381 4315 v.
397 4253 494 4314 'El-aia.

134 4351 157 4421 9)
177 4351 208 4406 P.
229 4349 304 4412 viu,
323 4349 383 4403 ato.

121 4441 157 4509 10)
175 4441 206 4496 r.
226 4438 274 4505 ru,
295 4437 336 4504 14,
355 4438 381 4491 2.
418 4437 451 4491 ef.
471 4436 501 4490 o.
520 4433 659 4501 noller,
679 4434 714 4488 oe
733 4432 797 4487 nor.
815 4431 837 4495 1,
856 4428 915 4496 374,
935 4430 971 4494 11,
990 4431 1048 4487 50.
