2872 4868
506 274 719 371 „A-

31 484 212 547 raturalem
242 485 353 567 potius
383 488 593 568 agnoscimus
618 488 726 569 deam,
759 506 859 568 quam
880 487 968 550 infra
990 487 1196 570 definiemus

31 610 88 655 ron
121 591 280 655 lunarem
325 593 405 656 Alia
434 612 510 657 vero
541 596 737 677 cognomina
766 594 850 659 hanc
879 595 1026 658 indolem
1046 594 1155 660 Hecat
1141 600 1195 659 tae

31 698 104 761 ratis
130 691 707 784 11111111,ιθΙιιῒὺιιολάμιιτειραῙ)
738 696 961 782 φωσφόρος)
992 702 1078 782 quod
1104 703 1195 814 idem

31 805 62 868 ed
79 804 209 868 Dianae
223 824 345 870 nomen
361 808 538 889 apponitur
497 802 577 887 ιιι9),
600 802 793 881 νυκτιπόλος
797 804 833 890 9.)

111 910 215 976 Praet
201 916 294 977 terea
328 911 455 978 Dianae
497 915 748 993 antiquissimae
786 914 936 978 lunarem
974 920 1126 979 naturam
1159 918 1196 979 in

31 1023 235 1086 reroinarum
293 1023 442 1106 personis
497 1022 644 1104 repertre
693 1037 876 1102 possumus.
936 1024 1196 1105 Agamemnonis

31 1127 104 1211 ilia,
144 1127 340 1212 Iphigeniae
376 1147 467 1192 soror
504 1123 788 1207 Chrysothemis⁵l
835 1133 899 1211 est,
943 1131 1037 1193 cuius
1075 1149 1195 1193 nornen

31 1256 38 1298 ι
83 1247 207 1314 χρυσο-
257 1239 290 1300 et
339 1239 431 1314 θεμις
482 1236 699 1317 compositum
748 1239 806 1298 est.
883 1233 1077 1300 Themidem
1118 1256 1197 1300 vero

31 1343 277 1422 tntiqmssimae
330 1342 459 1406 Dianae
512 1343 659 1425 speciem
713 1341 817 1405 fuisse
867 1341 954 1406 infra
1011 1346 1195 1427 explicabo.

31 1448 108 1512 lum
147 1468 226 1513 vero
262 1449 540 1530 Chrysothemis
583 1447 780 1532 iphigeniae
819 1449 839 1511 i.
875 1468 902 1513 e.
936 1447 1064 1514 Dianae
1106 1471 1197 1516 seror

31 1557 195 1639 appellata
217 1557 273 1638 sit,
303 1575 346 1634 ne
370 1575 389 1620 a
410 1551 566 1637 Chryse⁶)
592 1555 727 1638 quidem
749 1556 809 1618 illa
833 1556 896 1619 dea
918 1557 1044 1621 lunaris
1064 1559 1202 1624 diversa

31 1681 97 1726 esse
121 1667 241 1746 potest,
265 1663 396 1726 ethaeo
413 1681 543 1745 quoque
562 1661 697 1744 Chryse,
725 1682 824 1744 quam
847 1664 946 1746 vulgo
969 1665 1196 1730 Athenienses

31 1768 197 1834 lIinervae
212 1769 352 1834 formam
369 1788 442 1833 esse
458 1771 645 1849 voluerunt,
662 1767 789 1832 Dianae
805 1789 884 1853 prae
901 1789 937 1833 se
953 1770 1018 1834 fert
1033 1776 1195 1853 naturam,

31 1879 56 1943 d
80 1877 169 1959 quod
191 1879 297 1959 primo
320 1872 623 1958 Wachsmuthius⁷)
646 1876 808 1959 probavit.
854 1875 961 1941 DIana
984 1879 1056 1962 ipsa
1079 1871 1197 1958 χρυσέα

31 1981 165 2066 ἲύγαιερ
188 1980 268 2056 Διός
289 1986 462 2048 invocatur
486 2004 505 2046 a
529 1982 703 2067 Sophocle,
726 1982 805 2047 Oed.
828 1984 866 2049 R.
890 2005 919 2047 v,
938 1987 1009 2048 187.

112 2092 232 2155 Altera
255 2091 375 2156 deindo
398 2093 453 2155 vel
477 2093 586 2172 tertia,
611 2092 640 2153 si
655 2088 866 2174 Iphigeniam
885 2092 994 2172 addas,
1018 2093 1196 2175 Agamem-

31 2199 119 2262 roms
144 2199 215 2263 filia
239 2199 377 2262 eandem
399 2199 524 2262 lunaris
542 2198 624 2261 deae
640 2201 793 2260 naturam
807 2199 941 2262 nomine
957 2200 1029 2281 ipsc
1045 2197 1193 2278 exhibet,

31 2326 143 2391 rempe
171 2306 359 2384 Electra,
394 2325 477 2388 quae
512 2310 563 2368 est
591 2296 733 2384 ‘lucida',
763 2323 904 2386 quacum
935 2305 1084 2369 conferre
1116 2305 1197 2368 licet

31 2415 267 2496 Electryonem,
305 2413 509 2477 Rhodiorum
546 2413 698 2491 lunarem
735 2411 840 2475 deam.
900 2412 1026 2477 Eodem
1062 2415 1196 2477 nomine
1279 2492 1282 2496 ¹

31 2521 157 2585 Ileetra
167 2518 342 2583 Pleiadum
353 2538 420 2582 una
436 2513 729 2602 significabatur-⁸),
754 2539 772 2584 e
789 2538 854 2601 qua
866 2517 994 2603 Iupiter
1005 2519 1197 2584 Dardanum

31 2629 180 2712 genuisse
204 2627 317 2690 fertur.
362 2626 504 2711 Propter
527 2627 561 2690 id
585 2629 695 2710 ipsum
719 2626 760 2689 ad
784 2628 1050 2708 antiquissimum
1068 2626 1196 2691 Dianae
1274 2637 1275 2640 ’

31 2754 146 2798 rumen
168 2734 377 2798 referendam
402 2753 473 2798 eam
505 2753 578 2797 esse
604 2739 747 2816 apparet.

110 2840 238 2904 Eadem
270 2843 369 2921 notio,
403 2859 487 2923 quae
522 2843 557 2902 in
589 2840 743 2904 Electrae
775 2841 908 2903 nomine
942 2843 975 2902 et
1004 2844 1129 2921 natura,
1160 2841 1196 2903 1ιι

31 2970 62 3014 ιο
64 2951 197 3012 tissima
219 2948 279 3010 illa
293 2946 370 3012 Hel
357 2949 450 3011 elna
473 2947 557 3010 latet
523 2953 654 3028 et,quo
676 2949 810 3009 nomine
834 2947 932 3008 lunae
956 2947 1027 3008 sive
1042 2948 1196 3009 nocturni

31 3058 109 3120 aeli
134 3055 289 3138 splendor
313 3058 403 3118 certe
427 3073 469 3118 no
470 3059 559 3117 tatur
569 3049 603 3133 9.)
648 3052 798 3115 Eandem
820 3053 924 3135 igitur
948 3071 1020 3115 esse
1043 3051 1196 3117 Helenae

31 3169 175 3228 ratriram
189 3158 417 3244 prinpralem
441 3180 478 3224 ac
503 3159 664 3223 Dianae
654 3179 721 3222 ram
737 3157 927 3222 Boeclrhius
943 3157 1084 3242 (Explic.
1100 3159 1195 3224 Pind.

31 3293 49 3336 ι.
78 3269 155 3348 164)
178 3274 271 3333 recte
294 3270 428 3333 monuit.
474 3268 525 3331 Ea
549 3269 638 3330 entm
657 3260 817 3330 Nemesis
834 3265 913 3348 filia,
937 3287 1002 3331 non
1025 3267 1135 3333 Ledae
1159 3271 1196 3332 in

98 3477 414 3550 &Hamhshu

97 3567 117 3636 9)
136 3570 200 3624 Ειιι.
219 3570 281 3624 Hel.
301 3588 327 3624 v.
345 3569 405 3635 569,
423 3569 457 3623 fr.
478 3569 538 3624 959.

95 3655 119 3725 9)
138 3658 246 3713 Gallim.
259 3659 286 3713 1.
299 3660 329 3713 1ιι
342 3659 373 3712 D.
385 3677 412 3713 v.
424 3659 485 3722 204,
505 3659 539 3712 cf.
555 3658 596 3721 11,
615 3658 645 3713 P.
659 3657 706 3723 IV,
720 3658 762 3724 31,
778 3658 819 3724 10,
839 3655 1015 3725 oalaepripoct
1036 3659 1066 3712 P.
1080 3660 1100 3725 Ι,
1114 3661 1156 3725 31,
1170 3661 1195 3714 4.

95 3745 117 3814 9)
136 3748 267 3816 Apellen.
286 3748 375 3803 Rhod.
394 3747 442 3813 IV,
461 3746 522 3802 829.
551 3785 555 3802 .

96 3833 118 3902 9)
136 3836 216 3892 Ηοιιι.
237 3840 261 3896 Ι,
282 3837 341 3906 145,
360 3836 420 3892 287.

96 3923 118 3993 9)
137 3926 236 3980 Lemni
249 3927 324 3982 culta
336 3929 385 3982 est.
414 3925 445 3980 0.
457 3924 564 3979 Muell
572 3941 628 3979 ero
641 3925 727 3994 plane
739 3923 882 3991 assentior,
895 3924 942 3991 qui
955 3925 1024 3978 haec
1036 3923 1082 3992 (de
1095 3924 1160 3980 Dor.
1173 3924 1194 3990 l,

31 4038 46 4073 ι.
71 4015 154 4081 388);
177 4009 427 4070 ‘WahrscheInlich
452 4031 510 4068 war
536 4014 611 4067 diese
633 4013 745 4081 Chryse,
770 4013 816 4068 die
839 4013 911 4067 auch
934 4013 1045 4067 Athena
1068 4017 1195 4082 genennt

31 4107 99 4170 vird,
119 4123 173 4160 nur
191 4104 253 4159 eine
271 4106 374 4160 andere
393 4103 476 4158 Form
499 4103 575 4156 ihrer
593 4102 746 4156 Schwester
764 4101 926 4171 Iphigenia3
949 4119 996 4155 zur
1014 4102 1195 4172 Aufklttrung

31 4200 69 4252 les
88 4193 214 4249 Namens
237 4193 308 4261 liegt
331 4195 380 4248 der
398 4193 484 4247 Mond
510 4208 555 4244 arn
575 4184 729 4256 nhchsten'3
756 4191 790 4246 cf.
808 4189 891 4258 Soph.
910 4189 977 4245 Oed.
1001 4191 1064 4259 Tyr.
1086 4210 1112 4248 ι.
1134 4191 1192 4247 187.

95 4283 116 4353 ⁷)
136 4283 189 4338 nie
207 4282 287 4337 stant
306 4283 399 4336 Athen
417 4283 456 4336 en
476 4279 597 4334 Alerta.
616 4278 638 4344 1,
657 4296 685 4348 p.
703 4280 757 4334 424
774 4296 815 4347 sq.

95 4372 118 4440 9)
137 4370 292 4435 Preller,
311 4371 399 4439 Myth.
419 4365 465 4425 Gr.
485 4369 506 4434 1,
525 4386 553 4437 p.
572 4367 632 4422 383.
681 4361 683 4365 ’

94 4461 117 4531 9)
137 4461 169 4516 G.
189 4458 348 4526 Curtius,
368 4459 485 4514 Grunda.
505 4458 554 4512 der
573 4475 615 4527 gr.
634 4455 755 4525 Etymol.
774 4475 801 4526 p.
821 4455 892 4518 541„
