2872 4868
785 253 826 314 38

223 467 357 549 bantur,
401 467 606 549 aliquantum
648 468 779 549 priscae
821 465 995 549 religionis
1033 464 1204 528 continere
1243 463 1376 528 arbitror.

221 566 379 638 Sacerdos
405 575 494 638 enim
518 573 707 655 Gomaetho,
739 592 923 655 quaecum
945 571 1146 655 Melanippo,
1178 571 1301 634 iuvene
1327 569 1377 633 for·

219 682 415 763 mosissimo‚
444 683 481 744 in
508 682 613 765 ipsius
640 682 758 764 templi
782 679 882 761 adyto
913 684 1062 763 stuprum
1091 679 1214 742 fecisse
1241 677 1376 757 traditur,

220 787 302 852 deae
338 789 588 871 antiquissimae
622 788 728 851 forma
763 787 951 853 abalienata
981 785 1113 850 videtur
1149 803 1238 849 esse:
1274 803 1378 848 nomon

220 896 354 979 quidem
381 892 551 974 κομαιθώ
580 914 654 958 oum
677 893 804 958 Dianae
835 895 1029 978 cognomina
1053 891 1223 954 Albonica
1253 891 1379 955 conferri

218 1008 337 1088 potest.
384 1001 452 1066 Sub
474 1002 534 1067 iiio
557 1022 636 1066 vero
652 1000 843 1086 Melanippo
866 1003 988 1066 iuvene
1005 1000 1137 1084 Jupiter
1159 1018 1236 1063 mea
1260 997 1379 1080 quidem
1435 1022 1436 1033 ¹

220 1111 387 1190 sententia
409 1110 501 1191 latet,
525 1111 618 1192 cujus
650 1127 831 1192 cognomen
859 1100 1043 1188 Ἀμείλιχος,
1076 1105 1162 1188 quod
1195 1125 1296 1189 supra
1326 1106 1380 1168 iam

218 1217 442 1299 laudavimus,
478 1217 533 1281 hic
566 1216 608 1280 ad
641 1215 781 1278 fluvium
814 1212 1108 1299 praeterfluentem
1141 1213 1301 1276 tralatum
1333 1215 1380 1274 est

221 1324 283 1406 (cf.
306 1323 344 1388 P.
369 1324 389 1387 l.
413 1324 434 1387 l.
459 1323 477 1404 ἓ
500 1321 543 1403 2.)
588 1322 705 1406 ltaque
737 1323 799 1386 hac
829 1322 943 1387 fabula
972 1321 1068 1385 iilam
1099 1338 1200 1402 quam
1233 1320 1275 1384 de
1306 1317 1381 1382 lovis

220 1436 255 1496 et
276 1429 403 1494 Dianae
428 1431 581 1513 coniugio
610 1431 841 1514 proposuimus
865 1429 1055 1513 opinionem
1083 1446 1169 1491 novo
1199 1429 1381 1510 argumento

219 1537 392 1623 probatam
415 1537 578 1602 videmus,

306 1643 459 1726 Denique
482 1643 686 1708 Rhodiorum
714 1644 822 1708 cultus
846 1644 1051 1708 mentionem
1082 1641 1178 1723 facio,
1204 1659 1307 1723 quem
1328 1659 1384 1702 non
1415 1664 1416 1667 ¹

218 1750 413 1817 Semiticum
438 1747 678 1834 existimem1),
708 1770 783 1816 eum
807 1749 946 1834 Graeco,
979 1768 1079 1832 quem
1100 1748 1196 1812 modo
1221 1746 1383 1830 descripsi,

219 1859 340 1923 similis
365 1862 531 1941 appareat.
578 1857 706 1921 (ironiis
737 1858 907 1922 hominem
933 1857 1116 1940 posteriora
1146 1858 1256 1918 aetate
1287 1855 1384 1938 capite

219 1966 472 2030 condemnatum
496 1964 720 2045 immolabant,
743 1969 961 2048 posteaquam
981 1983 1057 2027 eum
1075 1963 1116 2026 ad
1131 1961 1249 2025 aedem
1266 1963 1386 2024 Aristo·

217 2072 316 2136 bulae
339 2071 514 2136 duxerrmt.
560 2072 754 2136 Aristobulo
779 2075 890 2136 autom
904 2069 1032 2134 Dianae
1057 2063 1239 2151 cognomen
1265 2072 1335 2132 erat
1359 2070 1386 2130 et

217 2180 360 2243 Athenis
385 2182 419 2242 et
441 2173 588 2259 Rhodi¹).
639 2177 743 2242 Vides
776 2178 884 2242 denuo
911 2176 1039 2241 Dianae
1068 2180 1102 2240 et
1130 2173 1220 2239 lovis
1252 2168 1387 2257 (Κρόνος

99 2341 102 2347 .
218 2288 306 2348 enim
329 2285 418 2349 Iovis
447 2287 613 2368 antiquior
635 2285 741 2349 forma
765 2284 826 2366 est)
850 2286 886 2348 in
911 2284 1014 2348 sacris
1040 2283 1317 2372 communionem.

304 2391 486 2455 Praeterea
524 2395 718 2474 argumenta
754 2393 873 2455 talium
912 2390 1165 2456 homicidiorum
1203 2408 1222 2453 e
1262 2389 1387 2468 fabulis,

218 2499 341 2581 quippe
366 2515 504 2578 quarum
527 2499 708 2561 involucris
737 2516 792 2560 res
821 2501 935 2581 gestae
966 2515 1065 2581 saepe
1093 2495 1289 2561 reconditae
1320 2496 1388 2574 sint,

219 2604 377 2688 colligere
408 2622 591 2688 possumus.
638 2602 729 2680 Quae
763 2605 804 2669 de
836 2604 1013 2689 iphigenia
1045 2609 1078 2669 et
1109 2603 1229 2667 Medea
1261 2603 1387 2666 fabulae

217 2711 445 2792 narrabantur,
458 2712 604 2774 maxime
617 2711 846 2795 respiciendae
860 2713 1024 2776 videntur.
1054 2710 1151 2775 Prior
1163 2711 1302 2793 quidem
1317 2710 1389 2773 satis

217 2823 296 2882 nota
320 2823 354 2882 et
375 2824 467 2884 recte
491 2819 659 2904 explicata
683 2814 777 2900 est³).
812 2817 929 2901 Itaque
952 2821 988 2882 in
1011 2820 1073 2882 hac
1096 2837 1133 2882 re
1156 2818 1284 2882 diutius
1310 2836 1388 2882 com·

218 2945 389 2991 moremur
423 2946 488 2991 non
522 2945 661 2992 necesse
690 2931 753 3007 est3
783 2927 857 3010 ipsa
886 2927 976 2990 enim
998 2924 1194 3009 Iphigeniae
1223 2925 1328 2988 caede
1356 2921 1390 2986 ad

216 3033 359 3099 Dianam
389 3035 586 3118 placandam
608 3035 732 3098 Aulide
763 3033 916 3098 confecta
946 3035 1026 3097 satis
1053 3032 1220 3096 indicatur
1251 3032 1333 3095 olim
1361 3031 1391 3092 in

217 3140 346 3204 Dianae
370 3143 474 3204 sacris
497 3141 671 3205 hominum
693 3142 910 3205 mactationes
933 3141 1072 3204 usitatas
1094 3138 1210 3203 fuisse.
1257 3137 1390 3202 Puellas

216 3257 296 3311 vero
318 3247 482 3331 imprimis
494 3246 622 3320 Dianae
646 3249 721 3311 ideo
744 3248 933 3311 immolatas
958 3265 1031 3312 esse
1056 3249 1193 3325 constat,
1220 3245 1312 3328 quod
1335 3244 1391 3307 dea

217 3355 291 3437 ipsa
324 3353 364 3416 ad
397 3354 585 3437 puellarum
619 3357 652 3416 et
683 3354 861 3417 mulierum
893 3353 1036 3417 salutem
1066 3352 1248 3435 plurimum
1281 3351 1390 3414 valere

217 3459 404 3546 putabatur.
451 3452 499 3522 At
520 3459 701 3523 Taurorum
726 3460 844 3540 cultus,
874 3461 931 3541 qui
952 3464 1068 3543 postea
1091 3477 1167 3522 cum
1191 3455 1390 3540 Graecorum

219 3567 260 3632 de
271 3565 449 3650 Iphigenia
460 3567 583 3630 fabulis
597 3568 753 3632 confusus
767 3571 818 3631 ast
832 3569 932 3650 plane
950 3567 1049 3630 aliam
1066 3565 1204 3629 exhibet
1217 3566 1391 3628 rationem.

218 3673 335 3756 Neque
371 3675 460 3738 anim
493 3675 529 3737 in
564 3675 624 3739 illa
658 3673 798 3739 Taurica
834 3673 1038 3738 Chersoneso
1076 3672 1210 3758 puellae
1246 3672 1393 3735 numinis

218 3781 333 3865 piandi
360 3801 459 3845 causa
483 3782 583 3845 certis
614 3781 811 3863 quibusdam
839 3779 956 3843 diebus
984 3780 1080 3844 festis
1110 3778 1391 3856 sacrificabantur,

220 3888 278 3952 sed
302 3890 332 3952 si
355 3889 413 3971 qui
435 3889 603 3972 peregrini
627 3889 667 3951 ad
692 3907 782 3951 oram
806 3887 1021 3970 appulissent,
1047 3905 1103 3950 eos
1126 3884 1294 3949 trucidare
1320 3904 1392 3949 con·

295 4168 316 4237 ¹)
336 4171 380 4225 Ita
398 4155 650 4225 Schoemannus
668 4168 765 4237 Antiq.
784 4167 830 4224 Gr.
849 4169 884 4234 II,
903 4187 930 4238 p.
950 4168 1012 4228 466.

295 4256 316 4325 ²)
336 4259 409 4318 Plut.
429 4259 562 4314 Themist.
581 4275 604 4312 c.
623 4259 665 4312 22.
702 4257 837 4328 Porphyr.
857 4260 891 4314 de
910 4259 1012 4314 abstin·
1030 4259 1055 4323 2,
1074 4258 1117 4313 54.

295 4345 316 4416 ⁸)
336 4347 449 4418 Optime
473 4348 507 4402 da
531 4348 583 4404 hac
605 4363 635 4402 ra
658 4346 786 4404 disseruit
811 4348 938 4418 Koechly
964 4348 994 4404 in
1017 4347 1134 4418 praelat·
1158 4345 1194 4400 ad
1217 4345 1314 4418 Eurip.
1338 4348 1398 4419 Iph.

221 4437 301 4494 'laun
320 4455 348 4508 p.
367 4437 463 4493 6-23.
