2872 4868
577 275 620 338 85

43 485 153 550 nanim
167 487 245 550 telis
257 485 447 552 hominibus
461 491 584 554 mortes
596 488 775 552 immittere
792 489 826 549 et
841 483 1054 548 inevitabiles
1070 503 1184 549 eorum

43 591 153 672 sagittas
181 609 254 660 essa
282 593 453 677 putabant,
482 594 570 676 quod
595 595 682 659 nulii
703 611 792 658 mors
814 592 928 676 parcit.
972 591 1069 656 Hanc
1091 591 1185 655 vide-

43 693 100 762 ieet
133 701 332 770 sententiam
369 700 435 765 sibi
471 700 640 766 vinxerunt
677 701 842 784 homines,
889 718 977 764 eum·
1001 698 1184 782 permultos

43 804 157 870 :elerum
179 807 374 872 vulneribus
396 807 590 874 interiectos
612 807 773 872 viderant.
818 806 1065 889 Eadem-figura
1079 805 1184 870 stiam

43 907 171 996 detrusi,
206 915 264 996 qui
291 914 332 978 de
362 914 534 980 mortifero
564 915 620 979 dei
646 915 799 979 ministro
832 915 888 978 vel
912 914 1031 997 angeio
1058 912 1185 976 fabula-

43 1025 148 1104 antur,
185 1026 219 1085 et
244 1019 481 1088 Muhamedani
512 1011 736 1104 utebanura:
771 1040 873 1104 quare
901 1022 1037 1084 minime
1068 1036 1184 1083 neces-

43 1129 139 1192 arium
173 1129 257 1192 mihi
291 1128 424 1194 videtur
458 1128 499 1192 ad
527 1129 651 1194 solares
679 1129 789 1193 radios
818 1130 855 1191 in
882 1127 1080 1212 explicando
1108 1144 1184 1191 con·

43 1252 143 1319 igere,
183 1235 269 1317 quod
306 1233 504 1299 Welokerns
542 1235 665 1318 aliique
703 1236 887 1318 mythologi
924 1235 1110 1312 fecerunt„
1144 1231 1185 1296 In

43 1343 182 1426 pollinis
211 1342 347 1424 quidam
372 1343 452 1406 telis
487 1342 696 1426 explicandis
729 1343 817 1406 ratic
847 1342 988 1406 fortasse
1021 1341 1185 1424 quaedam

43 1449 185 1514 iuclsari
221 1453 343 1532 potest:
381 1449 441 1514 sed
475 1449 636 1532 quomodo
674 1447 802 1513 Dianae
840 1450 987 1532 sagittae.
1011 1449 1185 1513 radiorum

43 1575 110 1620 uae
151 1555 302 1636 symbola
340 1574 413 1622 esse
430 1587 432 1592 v
450 1559 601 1639 possunt,
640 1573 717 1620 cum
753 1555 860 1619 Diana
897 1557 976 1620 luna
1008 1573 1079 1620 *non
1116 1554 1183 1619 sit?

43 1663 154 1728 iamsi
177 1681 217 1726 aa
232 1662 294 1728 dea
308 1663 460 1728 lunarem
475 1666 629 1728 naturam
643 1664 797 1747 primitus
811 1663 1010 1745 exhiberets
1021 1663 1184 1744 quomodo

43 1768 233 1834 naeradios
249 1769 437 1836 momiferos
450 1770 600 1853 cogitare
615 1771 811 1853 possumus?
855 1768 971 1852 Neque
986 1767 1183 1834 Welckarus

43 1895 94 1940 ec
134 1877 260 1958 probat,
300 1894 342 1939 ex
371 1877 539 1960 Apollinis
576 1895 655 1940 vero
691 1877 906 1941 similitudine
938 1878 1023 1940 hanc
1056 1875 1183 1941 Dianae

43 2003 78 2046 m
107 1981 260 2046 derivare
290 1987 433 2065 conatur,
458 2002 559 2065 quam
585 1984 748 2048 rationem
774 2002 875 2067 supra
897 1983 965 2047 iam
986 1984 1183 2067 vituperavi.

43 2109 99 2174 rgo
132 2089 210 2166 tela,
239 2090 403 2172 imprimis
431 2091 583 2172 sagittae,
611 2090 803 2154 mortiferae
831 2090 914 2154 deae
942 2092 1075 2173 propria
1098 2094 1183 2171 sunt,

43 2214 126 2278 tque
159 2197 430 2278 anuqmssimum
460 2196 589 2262 Dianae
619 2207 801 2281 cognomen
825 2188 952 2278 Ἑκάτη,
979 2199 1001 2259 1;
1028 2199 1057 2260 e.
1089 2195 1184 2262 Iacu-

43 2304 115 2368 trix
153 2302 335 2368 inferorum
372 2305 454 2369 deas
479 2308 644 2368 ¹naturam
677 2304 795 2386 induit,
831 2306 925 2368 euius
956 2305 993 2368 in
1025 2305 1185 2370 honorem

43 2411 165 2493 aginae
188 2411 348 2490 mysteria
371 2410 623 2476 celebrabantur
646 2411 687 2475 ab
711 2408 842 2495 Orpheo
865 2407 1055 2492 instituted.

102 2515 157 2580 Ab
181 2516 245 2582 hac
267 2517 334 2580 iam
357 2516 484 2582 Dianae
505 2520 694 2602 perniciosa
716 2521 836 2582 natura
859 2523 894 2582 et
914 2519 1087 2584 mortifera
1109 2521 1183 2584 eius

43 2623 255 2707 grginitas,
284 2642 368 2705 quae
390 2626 491 2708 vulgo
515 2626 720 2708 credebatur,
753 2627 918 2710 originem
941 2626 1077 2690 duxisse
1100 2626 1185 2694 mibi

43 2730 155 2795 detur.
211 2729 317 2794 Deam
351 2732 450 2812 enim,
482 2751 573 2815 quae
607 2735 644 2797 in
669 2751 796 2799 amnes
830 2735 1022 2817 repentinas
1059 2737 1184 2799 mortes

43 2837 193 2902 amittere
230 2839 344 2922 possit,
383 2839 549 2920 virginem
587 2859 606 2902 a
639 2843 711 2904 viro
745 2841 904 2904 intactam
938 2857 1012 2903 essa
1044 2837 1184 2903 neeesse

43 2947 95 3023 rat,
126 2961 229 3025 quare
256 2963 300 3008 ne
323 2944 379 3008 dei
402 2945 538 3026 quidem
559 2947 661 3010 ullius
685 2947 808 3010 coniux
830 2945 1021 3011 habebatur.
1066 2944 1185 3010 Feroci

43 3050 107 3114 rim
128 3054 247 3114 natura
268 3054 406 3134 nuptam
429 3070 503 3116 asse
526 3053 664 3116 minime
687 3053 850 3117 convenit.

104 3156 222 3220 Altera
251 3153 371 3222 deinde
393 3157 521 3222 Dianae
552 3160 659 3223 virtus
685 3153 832 3223 indidem
856 3159 1036 3242 descendit
1063 3175 1183 3243 nempe

43 3266 196 3330 erratio:
230 3265 349 3329 eadem
375 3265 448 3346 dea,
483 3284 568 3348 quae
595 3269 701 3350 primo
729 3267 911 3332 bestiarum
943 3266 1069 3331 fautrix
1103 3271 1184 3350 erat,

43 3372 171 3435 enatrix
204 3373 365 3455 paulatim
397 3373 488 3438 faeta
522 3376 582 3438 est
637 3373 747 3438 Huius
779 3376 830 3438 rei
863 3376 954 3459 prior
990 3392 1091 3438 oausa
1124 3377 1185 3457 est,

43 3477 103 3540 rod
126 3476 234 3542 Diana
264 3482 397 3562 praeter
423 3482 609 3545 naturalem
636 3483 704 3546 vim
728 3481 875 3546 ferocem
897 3482 1184 3565 perniciosamque

43 3588 170 3647 aturam
192 3585 341 3668 praebet,
368 3586 481 3668 altera,
511 3605 596 3670 quae
621 3589 772 3670 accessit,
797 3588 883 3670 quod
905 3592 1102 3651 venatorum
1123 3587 1186 3650 dea
1265 3593 1269 3599 “

43 3709 109 3775 ‚rgo
132 3693 287 3756 venatrix
310 3693 354 3756 sit
376 3711 515 3758 neeesse
538 3689 629 3777 est³).
678 3693 833 3786 Getarum
857 3713 917 3758 eae
940 3694 1056 3758 laudes
1080 3693 1185 3757 altera

43 3799 114 3862 ,teri
138 3800 263 3864 auxilio
286 3787 429 3882 fuerunt
443 3818 530 3864 cum
551 3800 652 3880 facile
677 3805 710 3864 at
725 3801 882 3872 venatrix
896 3801 990 3884 virgo
1006 3799 1185 3864 haberetur

43 3927 47 3968 ;
75 3905 171 3989 virgo
198 3906 262 3970 dea
286 3905 392 3970 semol
421 3910 539 3970 natura
566 3908 723 3971 venatrix
747 3905 853 3970 fieret.
901 3905 983 3972 Cum
1009 3923 1088 3970 vero
1120 3906 1184 3972 hae

43 4014 143 4076 ianae
165 4013 306 4078 virtutes
329 4018 398 4077 tam
420 4027 495 4076 sero
519 4029 538 4076 a
560 4013 667 4097 poetis
684 4013 907 4078 conformatae
924 4013 999 4095 sint,
1022 4012 1184 4097 videmus,

89 4277 109 4344 ¹)
127 4277 162 4332 ef.
181 4275 348 4343 Welcker,
368 4277 418 4333 Th·
437 4275 483 4332 Gr.
502 4277 524 4346 1,
542 4293 570 4347 p·
590 4279 651 4334 537.

88 4366 110 4436 ²)
129 4366 160 4421 P.
179 4364 214 4431 11,
233 4365 276 4431 30,
294 4363 319 4419 2.
356 4367 390 4424 ci.
409 4367 576 4434 Walcker,
595 4367 646 4424 Th.
665 4366 712 4423 Gr.
730 4367 765 4434 11,
782 4359 835 4422 404
853 4383 893 4436 sq.

87 4455 107 4523 ³)
126 4452 293 4520 Waleker,
312 4454 362 4509 Th.
381 4454 427 4512 (ir.
446 4456 467 4523 Ι,
485 4474 513 4527 p.
532 4457 593 4514 605.
634 4471 641 4518 ζ
