2872 4868
683 242 894 336 *13ss-

205 456 325 538 quibus
350 455 412 518 dea
435 454 651 518 invocabatur
674 449 716 517 od
738 448 780 516 οὔ
803 451 903 536 Upim
930 469 1052 516 nomen
1074 449 1285 513 declinatum
1309 465 1374 513 esse

204 567 312 647 putat:
336 559 577 644 Hartungius1)
607 563 749 643 denique
784 579 904 624 novam
937 558 1107 642 proposuit
1138 557 1376 640 etymologiam

205 689 311 752 aeque
353 669 565 733 reiciendam.
632 666 765 732 Nullam
809 669 926 732 harum
963 665 1110 747 undique
1150 664 1377 729 confirmatam

207 778 377 856 habemus,
401 777 614 856 quamobrem
637 775 749 839 facere
765 795 831 839 nou
846 791 1031 857 possumus,
1055 772 1136 853 quin
1150 790 1271 836 veram
1287 771 1377 836 nobis

208 870 314 954 Οὖπις
335 885 479 946 nominis
502 883 672 946 notionem
694 883 842 964 ignotam
865 899 938 945 esse
964 878 1192 943 concedamus.

294 987 345 1052 Ne
374 989 415 1054 de
442 1007 507 1052 usu
533 988 667 1071 quidem
695 987 849 1052 vocabuli
886 988 1073 1050 accuratius
1107 985 1217 1050 edocti
1259 1003 1379 1049 sumus.

208 1093 248 1159 Id
275 1114 397 1160 nomen
421 1097 687 1177 antiquissimum
710 1093 791 1158 deae
814 1094 919 1158 fuisse
942 1092 1084 1156 Uuhlius
1107 1092 1380 1176 (Ephesiacorum

207 1222 238 1285 p.
269 1201 324 1286 80)
366 1204 549 1284 existimat,
589 1220 654 1284 quo
681 1200 857 1285 Pelasgica
891 1201 954 1264 dea
989 1201 1155 1284 appellata
1186 1202 1240 1263 sit.
1299 1198 1380 1262 Sans

208 1309 354 1392 priscum
383 1309 510 1391 aliquid
540 1311 576 1373 in
603 1308 662 1371 illo
690 1311 865 1390 propterea
886 1306 1020 1371 videtur
1041 1307 1166 1388 inesse,
1198 1307 1289 1388 quod
1312 1325 1381 1390 per·

208 1415 345 1480 difficile
386 1416 427 1480 ad
467 1415 702 1500 explicandum
737 1418 795 1478 cst.
852 1411 1070 1478 Philochorus
1106 1413 1205 1496 (apud
1237 1411 1381 1476 Macrob.

159 1538 164 1546 ·
209 1520 274 1585 Sat.
297 1520 323 1605 Ι,
349 1521 405 1604 10)
434 1527 548 1586 auctor
577 1526 629 1586 est
652 1520 833 1604 Cecropem
857 1519 997 1584 Saturno
1026 1526 1060 1584 et
1083 1518 1146 1605 Opi
1174 1521 1323 1603 primum
1350 1521 1382 1582 iu

208 1629 324 1694 Attica
351 1649 443 1693 aram
472 1631 643 1710 statuisse,
676 1629 706 1692 si
735 1628 832 1694 modo
860 1629 944 1690 haec
968 1626 1048 1711 Opis
1069 1631 1183 1692 nostra
1207 1627 1272 1692 dea
1289 1614 1382 1698 Ὦπις

207 1736 263 1799 vel
302 1720 406 1808 Οὖπις
444 1735 597 1800 habenda
633 1738 696 1798 est:
732 1753 842 1816 neque
877 1735 967 1798 enim
1001 1754 1077 1798 cum
1108 1734 1231 1798 Guhlio
1266 1735 1382 1799 Roma-

209 1861 327 1906 norum
350 1842 447 1906 deam
470 1840 576 1926 Opem
599 1860 674 1905 curn
697 1840 899 1906 Graecorum
922 1840 989 1925 Upi
1013 1843 1265 1926 composuerim,
1291 1859 1381 1924 prae

210 1949 326 2012 sertim
359 1967 434 2012 cum
467 1950 594 2031 primae
622 1947 770 2028 syllabae
800 1949 933 2012 vocales
967 1951 1153 2030 quantitate
1184 1947 1382 2032 discrepent.

210 2052 400 2120 Mirandum
422 2056 495 2118 iure
508 2058 579 2138 est,
604 2054 691 2137 quod
707 2053 790 2138 Upis
809 2074 931 2119 nomen
946 2056 1033 2138 apud
1048 2058 1251 2121 vetustiores
1267 2056 1383 2139 script·

211 2181 285 2227 cres
314 2180 476 2243 nusquam
505 2161 641 2246 legitur,
678 2180 784 2243 usque
816 2161 858 2226 ad
884 2161 1092 2226 Herodotum
1122 2162 1190 2245 (IV,
1222 2161 1292 2246 35),
1327 2164 1385 2244 qui

211 2270 306 2334 illam
321 2289 396 2334 cum
411 2270 503 2351 Arge
518 2270 649 2351 virgine
668 2286 712 2330 ex
727 2267 955 2352 Hyperboreis
970 2268 1095 2334 Delum
1115 2271 1250 2334 venisse
1262 2274 1384 2334 narrat

213 2371 283 2444 Nec
306 2378 419 2438 tamen
442 2374 524 2437 haec
547 2373 661 2437 fabula
681 2371 722 2437 de
738 2375 867 2458 origine
881 2377 1025 2439 nominis
1043 2378 1201 2442 certiores
1217 2395 1279 2442 nos
1296 2378 1384 2442 facit.

301 2478 374 2544 Iam
409 2480 554 2561 quinque
590 2478 728 2568 Dianae
754 2481 943 2544 nominibus
978 2485 1129 2548 tractatis
1170 2501 1385 2566 exponemus,
1421 2465 1422 2468 ¹

216 2585 295 2667 quid
312 2577 448 2666 Ἑκάτης
469 2603 593 2650 nomen
615 2585 791 2667 significet,
815 2606 899 2669 quae
923 2589 952 2652 si
975 2607 1041 2652 non
1065 2570 1182 2653 eadem
1206 2610 1246 2655 ac
1268 2589 1384 2672 Diana,

214 2696 327 2756 tamen
356 2693 528 2756 simillima
558 2691 711 2756 habenda
735 2697 794 2756 est.
840 2693 879 2758 Id
909 2713 1039 2776 quoque
1061 2715 1183 2764 nomeu
1205 2698 1386 2762 multorum

214 2799 494 2883 explicationibus
533 2802 698 2863 tentatum
732 2803 796 2884 est,
832 2800 937 2865 donec
972 2803 1192 2886 etymologiae
1226 2806 1386 2888 magistro

214 2908 394 2972 novissimo
424 2904 584 2970 Goebelio
615 2907 768 2990 contigit,
797 2911 835 2972 ut
861 2926 933 2971 mea
962 2907 1096 2987 quidem
1124 2913 1293 2974 sententia
1316 2930 1388 2996 pro

215 3014 362 3079 babilam
393 3017 491 3094 atque
518 3011 666 3093 undique
699 3015 861 3077 munitam
895 3015 1152 3098 explicationem
1179 3021 1387 3100 proponeret.

214 3120 320 3184 Valde
340 3121 375 3182 in
399 3121 462 3182 hac
487 3137 523 3181 re
554 3120 678 3182 erravit
699 3118 736 3183 G.
757 3119 1055 3205 Hermaunus'mp.
1074 3141 1122 3189 ac.
1143 3121 1218 3204 VII,
1246 3142 1277 3206 p.
1300 3123 1387 3207 297),

216 3228 275 3309 qui
301 3227 349 3290 ita
374 3226 591 3288 ratiocinatur
614 3215 755 3308 ’Ἑκάτη
784 3245 825 3290 ea
846 3227 910 3291 dea
933 3232 983 3292 est
1006 3231 1101 3293 cuius
1124 3222 1213 3310 ἕκητι
1236 3249 1388 3313 quaeque

216 3325 317 3415 fiunt',
340 3351 405 3414 qua
427 3332 554 3395 ratione
579 3331 681 3394 etiam
706 3330 855 3396 Lauerns
879 3331 976 3415 (Syst.
1001 3337 1103 3417 myth.
1128 3333 1182 3399 Gr.
1199 3355 1230 3419 p.
1247 3336 1313 3399 304
1331 3335 1388 3418 sq.)

215 3439 378 3504 Hecatam
393 3439 606 3522 interpretari
622 3441 770 3502 conatur.
796 3434 928 3523 Optima
942 3445 1095 3505 veterum
1111 3443 1389 3527 etymologiarum

217 3546 277 3609 illa
307 3549 371 3624 ost,
405 3564 490 3627 quae
518 3561 641 3608 nomen
674 3542 715 3606 ad
743 3545 938 3611 adverbium
964 3540 1038 3620 ἑκάς
1069 3548 1284 3613 referendum
1315 3570 1388 3616 esse

217 3646 354 3736 docet2),
379 3670 577 3733 quamquam
600 3650 775 3714 emittendi
796 3652 945 3736 verbum,
970 3655 1056 3737 quod
1077 3654 1117 3719 ab
1134 3656 1187 3718 his
1204 3657 1388 3741 suppletur,

216 3759 252 3820 in
274 3760 408 3823 nomine
425 3758 557 3821 videtur
574 3756 699 3821 deesse.
731 3756 855 3823 Tamen
869 3762 969 3824 inest:
993 3762 1091 3824 radix
1106 3763 1196 3826 enim
1212 3766 1390 3829 statuenda

216 3869 280 3946 est,
318 3868 356 3927 ut
398 3862 577 3927 Goebelius
612 3861 732 3943 (Lexil.
763 3864 792 3947 I,
827 3887 860 3950 p.
893 3868 935 3930 54
977 3867 1058 3950 sqq.)
1097 3869 1223 3953 docuit,
1266 3890 1389 3936 nomen

217 3965 313 4042 *ἕκος
339 3972 360 4034 i.
385 3989 412 4034 e.
435 3963 539 4049 βέλος,
567 3970 656 4033 unde
688 3974 721 4033 et
747 3963 884 4048 Ἕκατος
912 3978 946 4038 et
969 3964 1087 4056 Ἑκάτη
1117 3979 1150 4039 et
1173 3968 1327 4057 ἑκηβόλος
1356 3983 1389 4042 et

217 4075 283 4138 alia
306 4075 523 4139 descendunt:
547 4094 610 4141 nec
634 4077 701 4140 iam
725 4079 898 4143 emittendi
918 4080 1056 4144 verbum
1071 4083 1107 4145 in
1122 4086 1234 4146 nostro
1250 4085 1387 4148 nomine

290 4319 310 4389 ¹)
329 4321 417 4392 Myth.
437 4321 483 4377 Gr.
502 4322 551 4390 111,
570 4341 597 4393 p.
618 4325 676 4379 158.

289 4407 310 4479 ²)
331 4411 364 4466 cf.
377 4411 526 4478 Phellon,
545 4411 633 4481 Myth.
647 4411 693 4467 Gr.
708 4413 843 4483 1,p.258.
869 4414 1102 4482 Schoemanu‚
1116 4416 1168 4487 Op.
1181 4435 1221 4474 ac.
1235 4419 1269 4486 II,
1284 4438 1312 4490 p.
1325 4421 1388 4478 229.
