2872 4868
783 229 825 294 70

214 445 338 510 Aulide
373 449 407 509 et
437 441 607 508 Braurona
640 443 873 526 narrabantur,
908 459 993 524 quae
1027 442 1101 506 loca
1133 438 1260 504 Dianae
1294 438 1368 502 cultu
1416 439 1432 521 b

215 553 341 636 pariter
368 552 514 635 insignia
540 554 643 616 erant.
688 549 765 614 Illic
794 550 884 614 enim
906 547 1083 633 Iphigenia
1111 547 1282 612 immolata
1309 563 1367 610 esso
1426 549 1432 612 t

219 658 399 741 direbatur,
423 658 477 722 hio
501 658 632 741 signum
654 656 737 721 deae
760 655 919 720 Tauricae
941 673 1077 722 reversa
1100 654 1302 736 deposuisse.
1341 651 1372 716 In

214 765 275 829 ilia
304 764 418 828 fabula
448 763 623 848 Iphigenia
653 763 749 848 quasi
778 762 893 847 puella
918 761 1046 826 Dianae
1077 760 1231 826 dedicata
1261 761 1373 842 estio

213 869 398 936 Brauronia
427 889 506 934 vero
537 870 633 951 quasi
674 869 758 933 deae
796 867 958 935 sacerdos.
1018 865 1083 932 Sed
1122 870 1238 930 tamen
1276 865 1375 930 divina

218 978 289 1044 eins
310 981 429 1054 natura
451 996 518 1041 non
541 978 649 1041 solum
675 977 820 1040 nominis
853 975 1054 1059 etymologia
1085 973 1146 1038 sed
1177 975 1281 1038 etiam
1313 974 1375 1036 aliis

217 1084 420 1168 argumentis
444 1081 681 1166 comprobatur.
712 1080 910 1146 DivInornm
933 1083 1023 1146 enim
1045 1080 1208 1145 honorum
1222 1081 1375 1163 particeps

218 1195 297 1272 erat,
322 1207 399 1253 oum
421 1187 576 1272 Megarae
601 1190 671 1252 eius
695 1188 810 1252 fanum
834 1184 951 1269 esset¹)
975 1193 1009 1252 et
1033 1187 1178 1270 Aegirae
1202 1188 1240 1250 in
1261 1187 1377 1250 Achaia
1412 1231 1413 1234 ,

218 1299 291 1360 eius
315 1296 529 1360 simulacrum
550 1297 587 1358 in
606 1294 734 1360 Dianae
757 1295 881 1378 templo
906 1295 1119 1359 constitutum
1143 1288 1275 1375 esset2).
1305 1292 1378 1357 Her-

215 1403 346 1466 mionae
368 1421 448 1466 vero
471 1401 578 1467 Diana
601 1404 664 1466 hoc
686 1403 759 1485 ipsc
781 1400 978 1486 Iphigeniae
1002 1402 1198 1486 cognomine
1224 1401 1378 1485 appellata

216 1504 317 1589 erat³)
339 1507 507 1573 Pausania
537 1513 680 1592 auctore,
711 1528 776 1591 qua
805 1510 842 1572 in
868 1503 908 1573 -re
939 1509 1170 1591 antiquissima
1191 1506 1378 1592 Iphigeniae
1423 1580 1424 1591 ,

214 1620 332 1679 natura
367 1619 542 1699 comparet.
599 1614 694 1679 Idem
727 1615 914 1679 Hesiodum
946 1616 983 1678 in
1019 1615 1175 1698 Catalogo
1210 1616 1379 1678 mulierum

214 1721 424 1807 iphigeniam
446 1723 583 1786 minime
604 1726 767 1787 mortuam
783 1739 1058 1786 commemorasse
1080 1717 1222 1802 tradit4).
1254 1720 1380 1786 Constat

214 1831 317 1913 igitur
339 1816 557 1912 Iphigeniam
573 1847 617 1892 ex
640 1827 871 1910 antiquissima
894 1832 1046 1891 veterum
1068 1827 1232 1910 religione
1248 1826 1379 1891 Dianam

213 1938 320 2020 ipsam
348 1935 462 2016 brisso,
494 1953 595 2016 quare
621 1933 764 2014 Scythae
798 1934 902 2016 deam,
934 1952 1033 2016 quam
1057 1932 1220 2014 colebant,
1252 1933 1380 1998 Graecis

213 2040 503 2126 interrogantibus,
528 2059 612 2124 quas
636 2043 689 2123 sit,
714 2043 810 2123 quasi
833 2040 1043 2125 Iphigeniam
1066 2059 1140 2105 esse
1168 2046 1263 2107 recte
1287 2043 1381 2107 inter-

213 2143 468 2234 pretabantur5).

280 2271 473 2348 “Quodcum
511 2270 622 2336 Diana
661 2277 815 2357 partuum
853 2291 989 2358 praeses
1024 2278 1127 2357 esset,
1166 2275 1333 2358 imprimis
1364 2293 1381 2336 a
1431 2319 1432 2326 .

214 2380 343 2442 maritis
375 2378 510 2443 feminis
538 2379 662 2442 cultam
694 2398 767 2443 eam
792 2397 866 2444 esse
890 2379 1104 2445 manifestum
1134 2383 1199 2444 est:
1231 2380 1381 2464 precibus

215 2484 350 2549 adibant
372 2488 496 2549 matres
519 2484 616 2548 deam
639 2489 715 2549 ante
738 2490 862 2569 partus,
886 2487 1011 2570 gratias
1034 2487 1118 2551 deae
1134 2486 1280 2570 agebant
1302 2487 1381 2552 bene

214 2595 312 2676 partu
338 2590 495 2674 perfeeto,
541 2588 742 2674 Saepissime
776 2609 855 2656 vero
883 2593 939 2656 vel
973 2593 1059 2657 dona
1086 2593 1169 2658 deae
1204 2591 1383 2658 offerebant

216 2699 287 2763 sive
310 2697 511 2762 vestimenta
534 2697 605 2760 sive
633 2696 764 2762 tabulas
794 2698 940 2782 sculptas
969 2699 1311 2784 inscriptionibusque
1339 2702 1383 2764 In·

216 2799 398 2886 snuousss).
429 2805 495 2869 Vel
516 2822 764 2889 puerperarum,
788 2823 873 2887 quae
895 2805 1054 2889 pariendo
1069 2810 1211 2870 mortem
1226 2807 1382 2888 obierant,

215 2914 416 2978 vestimenta
437 2913 473 2976 in
488 2911 615 2978 Dianae
638 2913 772 2997 templis
796 2913 1053 2997 deponebantur,
1078 2931 1179 2996 quem
1201 2933 1331 2979 morem
1352 2915 1383 2976 in

287 3175 308 3245 1)
326 3176 356 3232 P.
374 3176 396 3243 I,
414 3177 459 3244 43,
478 3177 502 3234 1.
539 3176 575 3231 of.
593 3175 761 3243 Welolrer,
780 3175 875 3232 Theoi.
894 3175 941 3232 Gr.
959 3175 995 3246 ΙΙ,
1014 3195 1042 3248 p.
1060 3177 1113 3233 400
1131 3192 1191 3246 sqq.

286 3279 308 3348 ²)
325 3282 356 3337 P.
376 3282 438 3350 VH,
456 3281 499 3349 26,
519 3285 543 3339 5.

285 3385 306 3456 ³)
324 3388 355 3445 P.
374 3388 409 3455 11,
428 3387 471 3455 35,
491 3387 516 3444 1.
623 3381 625 3386 ’

283 3491 307 3563 ⁴)
325 3495 356 3552 P.
376 3494 397 3562 I,
415 3494 458 3562 43,
479 3494 507 3550 1:
526 3491 642 3562 Λέγουσι
659 3491 689 3550 δὲ
703 3495 750 3564 (se.
764 3494 792 3549 ολ
804 3494 950 3564 Μεγαρεῖς)
964 3491 1034 3552 εἶναι
1049 3495 1096 3550 καὶ
1105 3491 1263 3565 Ἰφιγενείας
1275 3493 1386 3570 ἡρῷον·

211 3580 366 3638 ἀποθανεῖν
388 3580 440 3652 γὰρ
460 3581 508 3636 καλ
524 3579 627 3650 ταύτην
650 3580 680 3638 ἐν
697 3581 858 3653 Μεγάροις·
878 3577 929 3651 ἐγώ
953 3579 983 3637 δὲ
1005 3577 1111 3654 ἤκουσα
1132 3579 1182 3650 μὲν
1198 3582 1246 3636 καὶ
1263 3578 1345 3638 ἄλλον
1362 3581 1387 3646 ἐς

207 3665 368 3739 Ἰφιγένειαν
395 3667 475 3738 λόγον
500 3663 557 3722 ὕπὸ
583 3665 722 3739 Ἀρκάδων
747 3667 902 3740 λεγόμενον,
933 3666 997 3724 οἶδα
1023 3667 1054 3726 δὲ
1075 3665 1206 3732 ,Ἡσίοδον
1233 3669 1387 3740 ποιήσαντα

211 3753 240 3810 ἐν
265 3755 404 3830 καταλόγῳ
430 3751 568 3825 γυναικῶν
594 3753 751 3826 Ἰφιγένειαν
782 3750 833 3810 οὖν
860 3750 1027 3825 ἀποθανεῖν,
1059 3754 1152 3828 γνώμῃ
1166 3817 1168 3824 Ι
1182 3749 1212 3809 δὲ
1236 3750 1388 3828 Ἀῥτέμιδος

210 3838 327 3913 Ἑκάτην
343 3839 421 3898 εἶναι.
773 3901 774 3904 ¹
1177 3830 1179 3836 ¹

285 3948 307 4019 ὖ)
325 3949 428 4012 noros.
446 3949 495 4015 ru,
515 3948 575 4006 ros.
611 3950 642 4006 Ρ.
660 3949 682 4016 1,
700 3948 744 4017 43,
764 3950 788 4005 1.

284 4053 307 4124 ⁶)
326 4055 355 4112 0.
374 4055 397 4110 I.
416 4054 463 4112 Gr.
484 4053 669 4112 losa-1598.
704 4055 738 4112 of.
757 4055 843 4112 Ant-h.
862 4056 951 4114 Palat.
970 4057 1018 4127 VI,
1036 4057 1101 4116 271:

442 4136 561 4212 Ἀρτεμι,
579 4141 622 4197 coi
636 4140 673 4196 τά
689 4139 786 4198 πέδιλα
804 4144 935 4214 Isamnion
952 4143 1042 4200 εἴσατο
1059 4143 1121 4206 οἰός

334 4239 335 4242 ’
448 4228 495 4284 καλ
511 4226 620 4286 πέπλον
637 4225 726 4298 ὀλίγον
742 4229 852 4299 πτύγμα
872 4231 1050 4299 &apostotilam

425 4351 426 4354 η
449 4309 547 4370 οὕνεκα
564 4316 591 4376 oi
608 4320 708 4385 πρηεῖα
723 4320 797 4384 λεχοῖ
812 4313 907 4382 διττὰς
922 4311 1063 4384 inspicare

448 4406 539 4472 χεῖρας
556 4397 619 4472 ἄτερ
636 4400 726 4468 τόξον,
746 4400 846 4456 πότνια
864 4399 1018 4472 νιοοομένη.
1084 4461 1086 4466 ,
