2872 4868
784 239 826 300 58

220 453 406 536 puellarum
429 453 573 516 canistra
596 451 775 516 ferentium
804 451 965 534 singulari
994 469 1085 515 more
1110 443 1382 525 exercebanturb.

222 557 425 642 Quamquam
453 560 603 623 hiemes
626 559 775 624 Asiatico
807 559 927 624 similis
950 558 1022 640 fuit,
1051 562 1164 622 tamen
1187 555 1313 620 exilio
1336 554 1383 618 de·

219 667 393 730 rivandum
424 685 501 730 eum
526 685 689 730 essenon
719 661 895 750 probem2),
927 684 1003 728 cum
1033 683 1243 729 communem
1265 661 1382 725 Dianae

220 774 345 838 cultum
368 774 553 854 antiquitus
578 778 611 836 et
625 771 797 854 Phrygum
814 777 848 836 et
861 771 1076 854 Pelasgorum
1101 771 1206 834 fuisse
1232 786 1381 834 censeam.

217 878 367 944 Priscam
392 881 481 943 enim
505 880 644 944 formam
668 899 734 943 non
759 880 865 944 solum
889 879 998 948 cultus
1022 879 1081 942 sed
1098 878 1200 942 etiam
1216 875 1383 940 simulacra

219 986 302 1050 deae
325 987 381 1049 vel
405 986 493 1069 apud
517 985 661 1050 Graecos
686 986 899 1050 exhibebant.

307 1094 553 1174 Antiquissima
591 1093 690 1156 huius
727 1094 889 1157 naturalis
924 1094 1006 1157 deae
1042 1093 1137 1171 signa
1171 1109 1239 1154 non
1272 1107 1383 1171 magna

218 1217 326 1280 neque
349 1200 488 1282 pulchra
513 1203 616 1281 erant,
639 1201 741 1263 immo
763 1217 866 1283 parva
889 1218 928 1262 ac
951 1199 1022 1262 fere
1045 1199 1160 1281 inepta
1184 1197 1244 1262 sed
1266 1215 1383 1260 summa

219 1307 395 1370 sanctitate
419 1305 636 1370 habebantur.
680 1305 813 1370 Etenim
837 1305 970 1389 ligneae
989 1305 1101 1369 trabes
1125 1308 1235 1386 eraut,
1266 1305 1303 1367 in
1325 1304 1383 1384 qui·

219 1413 281 1477 bus
307 1413 419 1477 vultus
452 1418 485 1477 et
508 1432 670 1477 mammae
698 1431 798 1497 supra
827 1414 975 1479 caelatae
998 1413 1201 1494 brachiaque
1232 1431 1250 1475 e
1272 1409 1383 1474 cubitis

222 1520 377 1604 dispansa
401 1525 505 1586 erant.
552 1521 678 1585 Venter
702 1525 813 1584 autem
837 1525 871 1584 et
892 1521 994 1604 pedes
1017 1519 1134 1583 infulis
1158 1523 1230 1582 arte
1255 1520 1384 1582 circum-

220 1628 315 1710 ligati
341 1631 441 1709 erant,
467 1632 504 1691 ut
528 1628 631 1691 stelae
658 1629 892 1710 potiusquam
921 1627 1064 1690 hominis
1087 1627 1236 1708 speciem
1265 1628 1383 1688 statuae

217 1733 424 1818 praeberent.
476 1734 558 1798 (lum
580 1753 660 1798 vero
683 1735 777 1798 varia
799 1734 881 1799 deae
906 1733 1083 1797 simulacra
1107 1736 1272 1812 extarent,
1301 1731 1385 1816 velut

221 1841 367 1905 sedentis
395 1843 431 1903 in
455 1837 567 1921 solio³l
599 1840 711 1923 qualia
741 1842 822 1904 satis
853 1841 957 1904 multa
986 1840 1165 1923 praecipue
1195 1839 1232 1900 in
1258 1837 1384 1902 Boeotia

217 1966 323 2030 nuper
346 1952 478 2030 reperta
501 1943 617 2029 sunt4),
647 1948 720 2030 illa,
748 1967 832 2029 quae
848 1948 943 2012 modo
960 1946 1129 2029 descripsi,
1153 1937 1254 2025 ὄρθια
1268 1943 1385 2028 appell·

218 2054 367 2136 abantur,
384 2055 473 2117 unde
490 2073 672 2138 cognomen
686 2056 795 2138 ipsum
811 2056 848 2118 in
862 2053 1003 2118 Dianam
1015 2050 1182 2116 Orthiae
1197 2046 1384 2135 pervenit5).

217 2161 266 2225 Eo
290 2163 486 2245 cognomine
507 2161 615 2226 Diana
639 2161 878 2246 appellabatur,
902 2179 986 2243 quae
1010 2161 1045 2224 iu
1060 2159 1230 2241 Limnaee,
1256 2158 1385 2242 Spartae

216 2269 310 2332 urbis
341 2270 425 2351 vico,
459 2269 576 2332 aedem
608 2264 792 2352 hahebat⁶),
822 2268 881 2332 ubi
904 2265 1037 2332 Orestes
1067 2265 1227 2345 adamis
1259 2266 1385 2330 rediens

217 2374 347 2438 Dianae
384 2376 516 2458 signum
551 2376 744 2459 deposuisse
779 2374 976 2439 credebatur
1010 2371 1058 2455 (P.
1081 2371 1142 2455 III,
1174 2373 1224 2455 16,
1258 2375 1277 2435 ‘l
1303 2370 1385 2453 sqq),

218 2480 305 2562 qnod
329 2481 464 2562 quidem
488 2487 621 2564 praeter
635 2481 915 2546 Lacedaemonios
940 2481 1042 2545 etiam
1056 2477 1242 2561 Brauronii,
1269 2478 1386 2562 Cappa·

216 2587 327 2669 donee,
359 2585 446 2667 Lydi
476 2607 512 2652 se
544 2589 716 2671 possidere
749 2588 972 2652 autumabant.
1016 2587 1071 2650 Ex
1099 2586 1162 2650 hac
1184 2605 1221 2649 re
1247 2586 1283 2650 id
1312 2585 1387 2650 mihi

215 2698 344 2758 tantum
376 2695 490 2778 colligi
519 2713 617 2780 posse
646 2695 778 2759 videtur
809 2714 905 2758 suum
936 2712 1100 2776 quemque
1131 2694 1243 2757 locum
1267 2692 1386 2756 Dianae

216 2803 350 2885 signum
371 2802 530 2866 habuisse
554 2821 683 2866 summa
704 2805 871 2866 vetustate
895 2801 1128 2881 consimilique
1156 2799 1274 2882 forma,
1307 2798 1386 2882 quod

216 2913 332 2992 postea
356 2929 375 2971 a
397 2909 624 2974 sacerdotibus
648 2911 809 2993 cuiusque
831 2910 949 2993 templi
969 2907 1145 2972 Teuticum
1169 2925 1245 2970 esse
1269 2907 1386 2971 fabulis

216 3015 421 3080 celebratum
443 3017 649 3099 vulgabatur.
694 3016 812 3098 ltaque
835 3016 1062 3080 Asiaticorum
1085 3014 1288 3096 templorum
1310 3016 1387 3076 ima·

214 3123 309 3203 gines
331 3142 352 3185 a
367 3121 569 3188 Graecorum
591 3125 710 3207 priscis
732 3125 851 3188 xcanis
872 3142 940 3187 uon
955 3122 1103 3186 diversas
1120 3121 1225 3184 fuisse
1244 3125 1386 3204 apparet,

215 3245 316 3309 quare
346 3230 448 3292 etiam
476 3231 649 3312 aequalem
671 3229 799 3294 Dianae
829 3230 955 3294 cultum
983 3232 1017 3292 et
1039 3227 1211 3310 Phrygum
1241 3232 1277 3291 et
1309 3228 1387 3290 anti·

291 3437 312 3507 ¹)
332 3440 361 3496 P.
379 3440 428 3504 III.
449 3441 489 3506 10,
515 3443 543 3496 7:
570 3439 602 3494 τὸ
623 3441 722 3509 χωρίον
741 3437 891 3509 Ἀρτέμιδος
912 3438 959 3493 καὶ
978 3438 1106 3506 Νυμφῶν
1128 3433 1200 3492 ἐστὶν
1223 3436 1253 3490 αἱ
1272 3434 1387 3506 Κάρυαι,

217 3525 263 3580 καὶ
281 3521 388 3596 ἄγαλμα
405 3524 513 3597 ἕστηκεν
527 3524 680 3595 Ἀρτέμιδος
702 3524 731 3581 ἐν
747 3523 878 3602 danitae
896 3525 1084 3595 Καρυάτιδος·
1102 3523 1202 3593 χόρους
1219 3521 1249 3578 δὲ
1269 3521 1389 3578 ἐνταῦθα

213 3613 242 3716 ριῐ
256 3615 479 3682 Λακεδαιμονίων
491 3611 628 3685 παρθένοι
645 3611 715 3669 κατὰ
731 3611 790 3676 ἔτος
802 3614 890 3668 ἱστᾶσι
901 3613 947 3667 καὶ
959 3609 1102 3681 ἐπιχώριος
1114 3607 1212 3673 αὐτοῖς
1223 3608 1389 3680 καθέστηκεν

214 3717 228 3751 ο
281 3716 330 3753 σι.

230 3718 360 3844 ρκηῆςῙᾱ
379 3791 473 3843 censet
490 3789 521 3844 Ε.
541 3789 692 3855 Curtius,
711 3789 732 3846 l.
749 3789 769 3844 l.

289 3875 310 3943 8)
330 3877 411 3933 Unde
440 3879 555 3934 nemina
585 3879 725 3934 adieclira
755 3879 861 3934 Dianae
896 3876 1112 3947 imponebantur
1140 3872 1331 3945 χρυσόθρονος
1362 3879 1388 3931 et

213 3956 266 4016 aoid
284 3979 355 4017 ονο.

212 3982 506 4194 63ορ*)71ξρτο1ἰυουιο
524 4068 648 4108 museum
672 4054 761 4110 multa
781 4054 906 4110 continet
924 4053 1039 4122 (invent.
1060 4054 1141 4109 catal.
1161 4072 1188 4108 n.
1208 4053 1287 4120 3494,
1311 4051 1388 4116 6262,

265 4139 290 4203 3,
328 4139 399 4194 63.

286 4223 307 4294 ⁶)
326 4138 460 4282 Similiter
483 4227 644 4284 Semiticum
666 4223 818 4286 ‘Ascherae'
844 4232 876 4296 (i.
895 4247 919 4288 e.
942 4232 1058 4298 Βοοιιο)
1083 4232 1208 4288 Astartes
1233 4247 1389 4301 cognomen

212 4315 324 4386 proprie
344 4321 393 4372 est.
431 4317 465 4372 cf.
484 4315 653 4384 Welclrer,
671 4319 759 4389 Myth.
779 4318 825 4374 Gr.
844 4319 866 4386 l,
884 4338 912 4389 p.
932 4321 993 4374 584.
1261 4319 1262 4324 ’

285 4401 306 4473 6)
326 4403 354 4460 0.
373 4404 395 4459 Ι.
414 4403 446 4460 Gr.
467 4404 543 4473 1416,
563 4406 641 4460 1444.
